1911 3160
815 213 880 263 μ.
941 225 992 274 31
1056 251 1110 262 ω

757 354 893 413 Epist.
924 356 984 409 II,
1016 359 1055 410 3,
1088 358 1187 399 428.

456 492 467 502 .
501 492 511 502 .
544 458 750 503 clamabit
778 460 892 503 enim
923 459 1155 517 „pulchrel
1187 458 1318 504 bene!
1350 457 1523 502 recte!“

403 540 620 584 Palleseet
650 553 782 597 super
812 541 881 583 his
912 541 1055 595 etia-m,
1088 542 1275 585 stillabit
1305 541 1456 584 amieis

409 622 473 665 Ex
503 620 641 664 oeulis
672 634 829 676 rorem,
862 622 1002 675 saliet,
1032 622 1188 665 tundet
1216 622 1325 678 pede
1355 621 1534 664 terram.

321 723 424 765 Noli
452 723 752 778 interpungere
782 727 877 779 post
907 723 1113 765 vocabula
1144 737 1269 779 super
1288 724 1363 774 his,
1394 723 1469 765 sed
1488 728 1584 779 post
1603 730 1738 767 etiam.

202 804 415 847 Junotura
446 819 569 860 super
599 805 661 846 his
690 810 812 846 etiam
843 807 886 846 et
917 804 1042 846 simili
1072 804 1163 845 loeo
1194 803 1330 860 Epist.
1360 804 1421 858 II,
1454 807 1494 858 2,
1533 806 1589 846 24
1629 804 1740 853 Que-

202 885 308 926 reris
340 898 472 940 super
502 884 582 924 hoo
613 884 755 937 etiam,
786 884 901 939 quod
932 889 1006 926 eto.
1039 883 1279 925 defenditur
1310 888 1353 925 et
1382 885 1613 940 requiritur
1650 889 1741 927 tota

207 966 410 1009 orationis
456 965 665 1007 sententia
709 969 839 1020 atque
889 970 1111 1007 structura.
1171 965 1344 1006 Etenim
1383 970 1620 1008 assentator
1668 967 1741 1008 ad-

204 1048 471 1089 mirationem
503 1059 623 1087 suam
654 1058 738 1085 non
768 1045 891 1087 modo
922 1046 1062 1088 verbis
1099 1045 1281 1101 „Gffidjfinl
1325 1045 1514 1102 betrIidJ!
1554 1046 1740 1104 bortreffss

205 1128 326 1183 ἥρω’·
363 1127 585 1182 exprimet,
617 1140 764 1167 verum
795 1127 924 1167 etiam
963 1140 1090 1182 super
1128 1127 1194 1167 his
1229 1140 1343 1167 nuno
1388 1131 1462 1167 aut
1499 1130 1742 1170 commotio-

207 1222 307 1250 nem
364 1207 494 1249 animi
536 1207 619 1248 oris
665 1206 825 1262 pallore
865 1211 939 1248 aut
984 1207 1237 1249 maestitiam
1293 1206 1560 1249 lacrimarum
1611 1208 1741 1263 guttis

212 1288 441 1340 simulabit,
472 1300 585 1327 nuno
615 1286 817 1326 laetitiam
850 1287 1037 1327 studebit
1068 1291 1212 1342 aperte
1244 1287 1354 1326 ferre
1396 1288 1614 1328 concitatis
1656 1301 1743 1328 eor-

209 1367 324 1423 poris
366 1366 562 1408 motibus.
629 1365 878 1422 Eademque
925 1367 999 1408 illa
1050 1367 1388 1422 interpunctione
1442 1367 1644 1421 efficitur,
1697 1372 1744 1410 ut

212 1448 354 1488 omnia
385 1450 578 1503 tempora
608 1447 752 1488 futura
780 1447 1012 1503 principem
1041 1448 1179 1488 locum
1211 1447 1441 1488 obtineant.
