1911 3160
810 237 1171 277 ..11,-.

192 368 356 421 tinebit,
387 371 434 409 ut
466 379 543 420 ego
575 379 628 407 ne
650 378 830 420 usquam
861 378 886 404 a
916 368 989 405 tuo
1028 364 1160 404 latere
1192 359 1430 411 discedam,
1473 362 1548 398 aut
1577 354 1730 398 reddas

196 449 300 492 mihi
333 461 506 490 necesse
539 450 602 488 est
633 450 832 499 aetatem,
864 444 1015 486 reddas
1046 446 1246 491 mentem,
1281 465 1326 471 —
1364 443 1437 481 aut
1468 451 1547 493 ego
1580 441 1731 479 cuncta

193 530 376 583 resigno,
409 531 451 568 et
481 541 654 583 possum
685 527 841 567 donata
872 538 1075 581 reponere
1106 524 1254 565 laetus.

769 674 905 730 Epist.
937 673 973 726 1,
1007 678 1046 726 7,
1079 674 1145 713 51.

406 758 589 803 Cultello
620 757 822 815 proprios
852 754 1114 813 purgantem
1144 752 1306 796 leniter
1335 763 1517 808 ungues.

306 849 552 906 Respondet
583 850 726 891 leniter
756 851 897 889 nostro
928 846 1096 903 proprio
1128 843 1333 886 vocabulo
1370 838 1671 897 „gemiitbstcb‘fl

766 1008 904 1064 Epist.
936 1008 973 1060 I,
1009 1009 1047 1060 7,
1080 1009 1147 1049 53.

392 1100 657 1144 Gaudentem
687 1098 921 1164 paryi‘sque
953 1099 1173 1142 sodalibus
1206 1098 1251 1140 et
1280 1097 1375 1139 lare
1407 1095 1527 1137 certo

395 1182 449 1226 Et
478 1182 594 1226 ludis
626 1182 670 1226 et
700 1181 798 1239 pest
828 1181 975 1224 decisa
1004 1179 1182 1237 negotia
1214 1191 1377 1235 campo.

309 1283 579 1327 Admonendi
610 1285 803 1342 discipuli
834 1287 932 1326 sunt
963 1283 1016 1325 de
1047 1297 1128 1324 usu
1158 1280 1483 1339 praepositionis
1513 1287 1605 1331 post
1636 1292 1730 1319 cum

193 1366 413 1422 participio
446 1367 620 1422 perfecti
650 1367 821 1422 passivi.

308 1446 429 1487 Haec
479 1450 690 1487 structura
733 1459 818 1486 non
858 1445 982 1487 modo
1024 1445 1276 1499 requiritur,
1318 1456 1412 1483 cum
1451 1443 1525 1481 aut
1564 1443 1732 1494 tempus

193 1527 364 1582 aliquod
394 1528 503 1568 inter
534 1527 639 1569 duas
670 1540 737 1567 res
769 1527 1037 1581 interjectum
1081 1538 1173 1566 csse
1214 1523 1399 1564 ablativo
1440 1533 1609 1562 annexo
1650 1520 1734 1573 sig-

192 1606 386 1648 nificatur
416 1607 566 1658 (tribus
598 1608 719 1661 annis
751 1610 847 1663 post
887 1620 1009 1661 reges
1049 1603 1265 1658 exactos),
1306 1607 1379 1644 aut
1421 1616 1517 1642 cum
1558 1613 1733 1657 praepo-

192 1687 287 1728 sitio
318 1691 413 1743 post
442 1692 584 1728 nostro
621 1687 735 1741 „lest”
771 1687 999 1743 respondet
1030 1685 1100 1726 vel
1130 1684 1330 1739 adjuncto
1362 1682 1563 1738 temporis
1605 1681 1734 1722 inter-

192 1768 301 1809 vallo
334 1768 474 1820 (tertio
505 1782 614 1809 anno
645 1772 739 1824 post
768 1767 917 1809 urbem
950 1766 1161 1809 conditam
1207 1781 1252 1803 z
1300 1764 1354 1806 ab
1396 1763 1503 1804 urbe
1544 1761 1730 1816 condita)

191 1849 259 1890 vel
288 1861 372 1889 non
402 1847 601 1903 adjuncto
633 1847 739 1903 (Cic.
772 1848 865 1890 Cat.
899 1848 976 1901 IV,
1011 1849 1049 1900 7,
1086 1848 1138 1888 14
1170 1845 1311 1887 Causa
1344 1849 1407 1887 est
1448 1848 1545 1901 post
1582 1842 1731 1884 urbem

194 1928 405 1970 conditam
435 1928 541 1969 haec
580 1929 753 1970 inventa
796 1930 909 1984 sola,
951 1928 1039 1972 Cic.
1076 1928 1128 1969 de
1169 1926 1238 1968 off.
1270 1926 1329 1979 II,
1362 1927 1432 1980 23,
1473 1927 1528 1968 82
1573 1923 1732 1964 Aratus

190 2008 246 2050 ad
274 2007 568 2050 Ptolemaeum
600 2023 724 2051 suum
753 2009 963 2066 hospitem
992 2009 1122 2062 venit,
1155 2009 1227 2064 qui
1266 2010 1358 2049 tum
1388 2004 1596 2061 regnabat
1626 2002 1732 2044 alter

190 2093 285 2145 post
324 2088 632 2130 Alexandriam
668 2089 919 2146 conditam),
961 2090 1028 2131 vel
1070 2089 1253 2143 denique
1294 2092 1342 2128 ut
1387 2100 1478 2127 rem
1523 2084 1585 2125 rei
1635 2097 1731 2123 con-

192 2169 347 2211 tinuari
375 2169 585 2225 jungique
617 2169 830 2224 doceatur,
862 2171 995 2213 veluti

251 2249 390 2294 Carm.
422 2250 458 2304 I,
491 2253 530 2304 3,
564 2253 618 2294 29
752 2252 857 2293 Post
886 2251 1028 2306 ignem
1059 2249 1248 2292 aetheria
1278 2248 1403 2290 domo

603 2331 868 2374 subductum
897 2334 1055 2374 macies
1087 2335 1130 2372 et
1159 2344 1271 2371 nova
1300 2329 1482 2371 febrium

755 2412 898 2454 Terris
929 2412 1121 2453 incubuit
1152 2411 1324 2452 cohors:
1362 2435 1407 2439 —

195 2507 341 2534 verum
374 2494 514 2546 etiam,
547 2493 621 2534 ubi
651 2507 788 2534 sermo
821 2497 885 2534 est
916 2494 969 2534 de
1010 2507 1074 2545 eo,
1107 2492 1233 2548 quod,
1267 2492 1632 2547 quotienscunque
1663 2505 1732 2532 res

193 2574 337 2629 aliqua
369 2574 559 2616 confecta
590 2578 693 2626 erat,
725 2573 818 2615 fieri
848 2573 1011 2615 solebat
1035 2576 1247 2629 (nostrum
1273 2571 1459 2624 „aIIemuI
1487 2571 1731 2627 nucbbemu),

193 2656 255 2697 uti
286 2669 414 2711 supra
439 2663 535 2712 post
564 2655 698 2697 decisa
727 2661 888 2711 περσεία
919 2659 961 2696 et

192 2735 328 2793 Epist.
352 2735 411 2792 II,
436 2737 473 2792 1,
498 2738 579 2782 140
603 2735 785 2780 Condita
805 2740 900 2793 post
932 2735 1146 2779 frumenta
1176 2736 1366 2778 levantes
1401 2738 1591 2790 tempore
1623 2733 1731 2778 festo
