1911 3160
795 284 852 289 --
912 260 967 300 22
1033 283 1083 289 „-

726 384 863 441 Epist.
897 385 956 439 II,
993 387 1030 438 1,
1064 388 1162 428 260.

392 478 612 521 Sedulitas
644 479 801 531 autem,
836 478 969 521 stulte
1001 490 1125 533 quem
1156 479 1318 534 diligit,
1350 477 1493 533 urget.

285 569 496 618 Quoniam
540 570 583 611 in
626 569 805 624 urgendi
845 569 1052 612 vocabulo
1092 569 1184 624 ipso
1224 568 1543 624 vituperationis
1584 569 1711 622 signi-

168 652 308 693 ficatio
338 651 461 702 inest,
495 650 745 692 adverbium
776 652 890 693 stulte
920 664 1005 691 non
1035 648 1227 704 urgendi,
1260 649 1336 690 sed
1357 649 1560 705 diligendi
1581 649 1710 690 verbo

165 734 373 788 jungatur
432 746 606 773 necesse
660 736 746 785 est,
803 732 917 787 quod
962 731 1134 786 quidem
1191 731 1261 771 vel
1305 732 1471 771 numeri
1519 735 1710 785 poscunt.

170 815 294 856 Stulte
325 814 494 869 diliyere
534 812 636 868 quid
676 816 808 866 esset,
850 811 1204 868 praecedentibus
1247 810 1440 852 versibus
1481 813 1710 855 257—259

170 893 412 949 expositum
444 897 521 934 est.

197 1953 258 1994 Π.

658 1055 796 1112 Epist.
829 1057 882 1109 ΙΙ,
921 1054 957 1099 l.
990 1055 1238 1112 Dispositio.

291 1148 359 1189 De
390 1147 549 1190 Latina
579 1148 698 1204 poesi

251 1260 260 1269 .
292 1228 586 1269 Romanorum
614 1228 824 1283 judicium
857 1228 915 1281 (v.
952 1227 1152 1283 1—-102).

291 1309 485 1365 Populus
514 1309 737 1352 Romanus
769 1311 812 1351 in
845 1309 1028 1352 Caesare
1062 1310 1304 1351 venerando
1331 1312 1472 1366 justus
1504 1311 1682 1367 (1—17)

290 1391 446 1446 injuste
506 1390 801 1445 antiquissima
851 1404 1047 1446 quaeque
1098 1389 1387 1432 Romanorum
1445 1391 1600 1447 scripta
1647 1392 1715 1433 vel

383 1472 543 1527 optima
576 1485 669 1512 esse
700 1471 918 1512 existimat
947 1473 1157 1526 (18—27)

383 1551 436 1593 de
467 1552 518 1593 iis
552 1565 607 1593 ex
640 1552 903 1594 Graecorum
934 1552 1099 1608 scriptis
1127 1552 1323 1608 judicans
1355 1551 1577 1608 (28-33).

289 1632 402 1673 Nam
433 1646 574 1687 neque
606 1637 746 1688 potest
768 1636 958 1674 vetustas
980 1633 1072 1688 ipsa
1093 1647 1170 1689 per
1192 1647 1237 1674 se
1259 1634 1473 1674 aestimari
1491 1632 1713 1689 (sat—49),

384 1726 463 1753 nec
493 1716 556 1754 est
587 1717 662 1754 aut
694 1718 817 1756 vetus
848 1727 1001 1769 poema
1030 1713 1143 1755 idem
1173 1714 1353 1770 probum
1387 1712 1598 1768 (50-75)

593 1798 667 1834 aut
696 1809 854 1836 novum
885 1794 967 1835 vile
1001 1793 1075 1849 (76
1095 1819 1120 1823 -f
1138 1794 1226 1850 89).

296 1873 362 1914 Ac
393 1888 447 1915 ne
480 1874 654 1916 Graecis
686 1874 857 1930 quidem
888 1875 1053 1916 novitas
1080 1875 1217 1917 invisa
1247 1874 1329 1915 fuit
1360 1876 1617 1927 (90—102).

290 1954 460 1995 Horatii
485 1954 695 2009 judicium
727 1954 781 2010 (v.
818 1956 1068 2009 103-270)

292 2037 477 2092 primum
508 2035 780 2093 (103—138)
813 2050 908 2077 cum
940 2035 993 2078 de
1035 2036 1235 2079 universa
1264 2035 1552 2078 Romanorum
1595 2037 1715 2093 poesi

509 2120 601 2159 tum
632 2117 862 2174 praecipue
895 2116 947 2158 de
979 2117 1120 2174 lyricis
1153 2117 1434 2173 carminibus3

295 2197 449 2240 deinde
509 2200 781 2250 (139—213)
815 2198 867 2240 de
898 2199 1065 2240 scenica
1093 2198 1233 2253 poesi,
1278 2212 1388 2253 quae
1441 2212 1538 2239 cum
1582 2198 1716 2253 primo

512 2278 691 2333 agrestis
722 2278 851 2319 fuerit
881 2282 923 2320 et
953 2277 1143 2331 horrida,
1176 2281 1426 2321 commercio
1458 2291 1554 2319 cum
1586 2278 1718 2320 Grae-

514 2359 572 2399 cis
603 2359 748 2400 habito
780 2360 951 2400 exculta
982 2362 1059 2411 est,
1092 2373 1350 2414 quamquam

569 2443 612 2481 et
641 2443 864 2495 poetarum
893 2440 1045 2481 liturae
1074 2443 1192 2482 metu
1222 2441 1491 2494 (167—176)

568 2523 611 2560 et
642 2524 837 2576 corrupto
869 2525 1155 2577 spectatorum
1181 2521 1343 2577 judicio
1374 2523 1657 2578 (rw—207),

512 2614 566 2641 ne
598 2600 653 2642 ad
684 2602 986 2656 perfectionem
1017 2603 1253 2658 perveniat,
1287 2603 1487 2657 efficitur3

287 2682 473 2738 denique
506 2682 779 2738 (214-270)
811 2683 864 2725 (16
895 2684 1025 2740 epicis
1055 2684 1191 2740 poetis
1222 2697 1306 2730 non
1333 2683 1530 2739 indignis,
1564 2683 1635 2739 qui
1663 2683 1715 2725 ad

513 2763 726 2806 scribendi
757 2765 944 2806 studium
976 2765 1227 2807 excitentur.
