1911 3160
824 244 1081 286 Β,8--

175 372 272 410 tura
304 368 445 424 poesis
476 378 563 412 mat
595 368 665 424 auf
697 367 845 412 eiumuI
877 368 1065 425 hefeitigt,
1096 369 1165 413 bet
1197 370 1439 427 untericbieb
1471 371 1539 415 bet
1572 367 1723 414 bilben=

179 450 252 493 ben
284 449 364 493 unb
397 449 638 505 ffiebefi'mfte
679 448 780 502 Har,
828 448 889 492 bie
928 449 1069 505 &ipfel
1108 449 1240 494 beibet
1282 452 1494 508 erlebienen
1539 463 1623 494 nun
1661 462 1724 505 ge:

180 533 329 581 trennt,
362 528 437 573 mie
469 528 549 584 ηαῐ)
580 529 664 586 ihre
697 530 829 586 Quien
860 530 951 587 aud)
984 529 1341 587 gufammenftosscn
1374 532 1584 587 meebtenst
1632 529 1724 571 Nec

176 611 288 652 enim
311 609 514 652 Horatius
532 610 605 664 iis,
629 612 703 666 qui
722 616 970 667 sequuntur,
1001 611 1194 653 versibus
1227 611 1279 653 de
1312 614 1452 668 poesis
1476 616 1517 653 et
1531 611 1723 667 picturae

172 692 215 731 vi
251 695 380 746 atque
414 693 570 732 natura
600 691 794 746 disserit,
836 692 910 734 sed
942 692 994 734 de
1027 693 1361 749 contemplandis
1401 692 1558 734 tabulis
1600 691 1723 747 pictis

173 770 454 827 legendisque
477 772 754 827 carminibus3
787 773 892 814 haec
913 773 1007 814 ille:

350 862 411 905 Ut
440 864 608 920 pictura
638 865 801 921 poesis:
835 865 927 917 erit,
960 877 1083 919 quae,
1117 866 1150 906 si
1184 865 1357 921 propius
1389 869 1489 917 stes,

353 944 417 985 Te
450 945 589 1000 capiat
619 944 769 1000 magis,
803 948 844 986 et
876 943 1101 999 quaedam,
1135 945 1170 986 si
1199 946 1367 1000 longius
1398 945 1566 998 abstes3

349 1025 476 1068 Haec
507 1030 622 1067 amat
652 1025 900 1079 obscurum,
932 1025 1046 1067 volet
1075 1025 1183 1067 haec
1214 1025 1293 1067 sub
1323 1027 1418 1067 luce
1452 1025 1606 1079 videri,

358 1104 524 1146 Judicis
555 1109 755 1160 argutum
788 1120 898 1163 quae
928 1119 1012 1147 non
1042 1105 1242 1147 formidat
1273 1120 1481 1161 acumen,

352 1186 476 1227 Haec
496 1187 656 1242 placuit
686 1187 830 1240 semel,
863 1187 970 1229 haec
1000 1187 1170 1229 deciens
1200 1188 1381 1244 repetita
1410 1187 1608 1244 placebit.

180 1300 252 1342 An
284 1302 475 1344 dicamus
507 1302 701 1357 ejusdem
733 1302 937 1358 epistolae
968 1302 1101 1343 verba
1131 1303 1189 1356 (v.
1222 1304 1262 1344 9.
1297 1303 1369 1356 10)

793 1382 1035 1423 Pictoribus
1067 1386 1195 1437 atque
1226 1382 1361 1438 poetis

354 1463 575 1511 Quidlibet
606 1463 792 1505 audendi
823 1476 989 1519 semper
1020 1463 1102 1504 fuit
1132 1475 1271 1518 aequa
1301 1467 1490 1519 potestas

179 1543 223 1584 in
256 1542 448 1585 fraudem
481 1544 704 1586 illexisse‘?

297 1635 444 1685 Quid?
477 1635 591 1692 quod
621 1636 666 1677 in
696 1636 835 1678 lexico
868 1636 1052 1692 quodam
1083 1650 1168 1677 non
1189 1634 1498 1678 contemnendo
1515 1635 1720 1692 scriptum

177 1717 383 1772 legimus:
441 1717 571 1772 „er
603 1717 681 1761 bu}
712 1717 816 1774 {verz
846 1718 928 1762 noll
961 1717 1028 1771 iit,
1067 1717 1139 1772 bet}
1180 1717 1268 1773 geht
1311 1717 1378 1761 het
1423 1716 1562 1761 §munh
1606 1715 1725 1760 iihet:

175 1797 314 1839 Omne
346 1810 657 1852 supervacuum
688 1797 813 1852 pleno
845 1796 897 1837 de
929 1801 1099 1852 pectore
1132 1800 1299 1838 manat“
1317 1797 1337 1838 ’ἓ
1368 1797 1428 1838 At
1450 1796 1564 1852 apud
1586 1796 1722 1837 Hora-

174 1878 282 1919 tium
315 1877 472 1933 (Epist.
505 1876 567 1929 II,
599 1878 638 1929 3,
672 1876 775 1933 335)
806 1876 934 1918 haec:

392 1969 611 2025 Quidquid
641 1969 891 2026 praecipies,
925 1973 1014 2010 esto
1038 1969 1193 2022 brevis,
1225 1972 1273 2010 ut
1304 1969 1385 2011 cito
1418 1968 1531 2010 dicta

393 2050 639 2106 Percipiant
670 2051 800 2091 animi
833 2050 989 2092 dociles
1021 2054 1278 2105 teneantque
1310 2050 1477 2091 fideles:

391 2130 530 2174 Omne
566 2145 885 2190 supervacuum
916 2132 1041 2188 pleno
1073 2131 1125 2173 de
1156 2136 1327 2188 pectore
1357 2135 1515 2174 manat.

782 2409 919 2465 Epist.
954 2409 988 2463 I,
1023 2411 1061 2461 5,
1097 2412 1163 2451 12.

416 2537 505 2589 Quo
536 2535 644 2579 mihi
674 2534 909 2589 fortunam,
942 2535 979 2578 si
1011 2548 1097 2578 non
1127 2536 1384 2580 conceditur
1414 2534 1513 2579 uti‘?

294 2663 521 2707 Subtracta
551 2662 685 2705 oratio
716 2663 933 2719 aptissime
964 2662 1152 2719 suppleri
1184 2663 1353 2706 videtur
1382 2662 1619 2705 vocabulis:
1653 2661 1723 2703 da-

176 2749 263 2788 tam
296 2759 390 2787 esse
422 2745 574 2789 dicam,
