1911 3160
849 230 1082 272 -9-

787 353 923 410 Epist.
955 354 990 407 I,
1024 354 1063 407 6,
1099 355 1166 396 13.

418 448 475 501 Si,
508 446 716 504 quidquid
745 446 858 489 vidit
887 446 1041 489 melius
1071 447 1248 503 pejusve
1280 458 1359 489 sua
1391 459 1479 503 spe,

418 528 579 572 Defixis
609 526 747 570 oculis
779 527 1004 582 animoque
1035 526 1080 569 et
1110 539 1292 583 corpore
1322 526 1482 583 torpet.

325 621 502 662 Praeter
552 618 665 659 hunc
705 617 849 658 locum
886 617 1188 673 particularum
1220 633 1293 674 que
1329 625 1366 659 et
1395 618 1463 668 [τὲ
1500 616 1603 666 καὶ)
1647 627 1750 654 113113

212 701 327 757 apud
356 700 582 742 Horatium
624 697 836 739 invenitur
867 696 1007 737 Oarm.
1039 697 1116 749 IV,
1149 699 1189 750 9,
1222 698 1296 751 353
1340 696 1417 749 IV,
1453 698 1519 748 13,
1552 696 1627 749 213
1672 693 1751 741 IV,

215 783 282 834 14,
315 784 384 824 46.
445 779 542 822 Non
572 780 656 820 huc
686 776 933 820 referendus
963 777 1080 827 locus
1113 781 1177 818 est

267 860 406 903 Oarm.
437 861 515 914 IV,
548 864 586 914 2,
619 862 669 902 41
706 859 914 901 Concines
945 858 1163 913 laetosque
1195 858 1286 900 dies
1318 862 1360 899 et
1392 856 1507 899 urbis

701 938 927 979 Publicum
957 938 1105 980 ludum
1137 953 1265 995 super
1295 939 1524 995 impetrato

694 1019 834 1060 Fortis
866 1020 1055 1073 Augusti
1084 1020 1223 1060 reditu
1258 1021 1481 1073 forumque

918 1097 1088 1139 Litibus
1120 1099 1285 1153 orbum,

209 1182 282 1224 ubi
315 1197 389 1239 quc
426 1182 483 1234 (v.
516 1182 593 1233 41)
633 1180 693 1221 ita
730 1179 958 1236 respondet
997 1179 1119 1221 alteri
1155 1195 1228 1238 que
1259 1181 1317 1235 (v.
1362 1180 1458 1234 43),
1503 1182 1550 1219 ut
1589 1177 1753 1219 laetitia

217 1263 389 1319 publica
422 1265 463 1304 et
490 1261 701 1321 justitium
733 1261 1039 1303 discernantur.

783 1410 918 1465 Epist.
951 1410 987 1463 I,
1021 1412 1060 1464 6,
1096 1413 1161 1452 15.

385 1505 534 1548 Insani
564 1505 736 1561 sapiens
766 1516 920 1546 nomen
950 1503 1080 1557 ferat,
1112 1515 1274 1559 aequus
1304 1503 1456 1559 iniqui,

385 1586 524 1640 Ultra,
557 1598 683 1642 quam
714 1585 821 1628 satis
852 1584 931 1638 est,
962 1583 1170 1627 virtutem
1201 1584 1240 1626 si
1271 1584 1393 1641 petat
1423 1584 1575 1642 ipsam.

327 1688 423 1729 Hoc
465 1689 555 1729 loco
585 1702 670 1730 non
710 1689 789 1730 erit
834 1687 1042 1729 absonum
1072 1687 1269 1729 Nauckio
1308 1691 1480 1728 auctore
1513 1686 1584 1738 (ad
1616 1686 1744 1728 Corn.

212 1766 318 1822 Nep.
345 1767 473 1809 Arist.
498 1770 534 1820 1,
567 1770 613 1816 4)
642 1768 694 1809 (10
724 1769 805 1810 11113
827 1768 1068 1820 admonere,
1102 1781 1212 1822 quae
1252 1767 1445 1819 Aristidi,
1477 1780 1572 1808 cum
1604 1767 1754 1807 exsilio

212 1848 482 1900 multaretur,
527 1848 698 1903 quidam
738 1848 954 1904 respondit
987 1848 1094 1899 „sibi
1131 1862 1216 1889 non
1255 1848 1444 1904 placere,
1490 1846 1604 1902 quod
1658 1851 1749 1887 tam

213 1928 363 1984 cupide
412 1928 689 1982 elaborasset,
746 1933 794 1970 ut
837 1933 1005 1985 praeter
1045 1934 1207 1971 ceteros
1253 1928 1403 1970 Justus
1463 1928 1748 1984 appellaretur

214 2006 511 2062 [ἐνοχλοῦμαι
541 2008 775 2061 πανταχοῦ
806 2009 882 2051 τόν
914 2009 1096 2051 Δίκαιον
1127 2008 1364 2060 άκούων].“

795 2135 931 2192 Epist.
962 2136 998 2189 I,
1032 2138 1071 2189 6,
1103 2139 1171 2179 24.

330 2228 545 2285 Quidquid
576 2229 654 2272 sub
684 2229 808 2272 terra
838 2228 917 2283 est,
948 2230 995 2274 in
1026 2230 1222 2287 apricum
1252 2228 1451 2286 proferet
1479 2228 1615 2282 aetas,

328 2309 531 2353 Defodiet
561 2309 799 2365 condetque
830 2310 1032 2354 nitentia.

336 2400 703 2449 Quemadmodum
734 2400 815 2453 hic,
857 2414 941 2455 quo
984 2401 1149 2443 facilius
1192 2405 1469 2456 cognoscatur
1508 2400 1754 2456 primariam

219 2482 471 2523 sententiam
513 2495 605 2522 esse
653 2494 765 2534 eam,
812 2494 921 2536 quae
960 2482 1194 2537 postposita
1231 2496 1287 2522 ex
1326 2495 1464 2536 aequo
1505 2485 1592 2533 est,
1633 2494 1756 2536 para-

214 2563 328 2603 taxis
378 2563 421 2603 in
461 2563 660 2618 syntaxin
711 2563 1040 2619 comparativam
1085 2562 1240 2603 mutari
1291 2566 1449 2618 potest:
1500 2563 1559 2603 sic
1606 2561 1757 2604 eadem

216 2643 322 2685 ratio
362 2643 585 2686 intercedit
626 2645 670 2686 in
711 2643 931 2687 sententiis
970 2644 1179 2699 negativis
1219 2643 1349 2696 hisce,
1391 2643 1466 2686 ubi
1506 2647 1647 2686 vertas
1685 2642 1749 2699 „fo

217 2724 345 2781 menig
376 2750 429 2756 -
463 2725 598 2782 ebenio
630 2726 812 2783 menig⁰z
