1911 3160
852 249 1139 292 *13*

222 374 390 421 niveam
426 376 599 432 reginae
629 374 820 417 ducimus
860 389 1015 431 agnam
1055 408 1064 417 .
1099 408 1108 416 .
1143 408 1152 416 .
1190 407 1200 428 ,
1233 372 1319 417 Sed
1348 370 1496 430 procul
1535 378 1761 415 extensum

221 460 416 516 petulans
447 457 583 514 quatit
612 457 751 499 hostia
781 456 928 499 funem
960 490 969 499 .
1003 489 1012 499 .
1047 491 1055 499 .
1090 456 1257 513 Quippe
1288 455 1408 497 ferox
1445 455 1615 497 vitulus.

784 594 920 651 Epist.
952 594 987 647 I,
1022 595 1089 646 12,
1122 594 1190 634 22.

398 689 528 731 Utere
559 689 758 744 Pompej0
790 687 985 742 Grospho
1016 686 1072 738 et,
1105 686 1142 727 si
1173 685 1276 740 quid
1307 685 1439 741 petet,
1472 686 1591 729 ultro

401 768 545 811 Defer.

344 858 412 899 De
441 859 649 900 vocabulo
680 860 787 900 ultro
817 857 925 899 conf.

228 938 365 995 Epist.
382 940 440 993 11,
459 941 594 992 1,226
631 972 638 980 .
673 972 680 980 .
715 971 724 979 .
755 943 816 992 ut,
847 939 1100 993 simulatque

614 1018 813 1060 Carmina
847 1019 1038 1060 rescieris
1067 1032 1145 1059 nos
1175 1017 1349 1071 fingere,
1376 1019 1622 1061 commodus
1644 1019 1756 1060 ultro

614 1099 817 1140 Arcessas
848 1102 890 1139 et
921 1112 1046 1153 egere
1076 1102 1194 1139 vetes
1226 1103 1268 1139 et
1298 1098 1483 1140 scribere
1513 1113 1658 1154 cogas.

789 1248 925 1303 Epist.
957 1248 993 1300 I⁷
1029 1249 1094 1300 12,
1128 1249 1195 1288 24.

373 1340 486 1384 Vilis
514 1340 749 1384 anticorum
781 1341 847 1383 est
877 1327 1060 1394 annona,
1092 1339 1215 1383 bonis
1246 1340 1322 1383 ubi
1354 1341 1458 1396 quid
1489 1341 1625 1384 deest.

349 1444 470 1485 Haec
513 1443 722 1485 sententia
760 1442 877 1487 nulla
914 1456 1085 1498 prorsus
1132 1456 1187 1484 ex
1231 1447 1350 1499 parte
1398 1443 1539 1486 differt
1584 1444 1638 1485 ab
1680 1444 1766 1499 illa,

235 1539 363 1579 quam
395 1524 590 1565 Socrates
621 1523 734 1579 apud
763 1523 1091 1579 Xenophontem
1123 1524 1268 1575 (Mem.
1290 1525 1348 1578 II,
1375 1527 1441 1579 10,
1464 1529 1507 1577 4)
1528 1524 1594 1565 his
1624 1525 1766 1567 verbis

232 1608 518 1661 prosequitur:
578 1604 629 1646 Οἱ
674 1604 846 1656 ἁγαθοὶ
885 1604 1125 1657 οἰκονόμοι,
1177 1599 1285 1646 ὅταν
1331 1605 1381 1646 τό
1431 1605 1594 1648 πολλοῦ
1640 1601 1764 1658 ἄξιον

230 1682 389 1740 μικροῦ
421 1684 494 1738 ἐξῇ
524 1682 771 1739 nysae-Hm,
801 1682 899 1724 τότε
931 1685 1043 1739 (faoi
1076 1685 1163 1725 δεῖν
1194 1685 1412 1726 (ἀνεῖσθαι
1442 1701 1451 1708 ·
1481 1684 1561 1727 ’νῦν
1605 1686 1652 1727 δὲ
1693 1688 1767 1728 διά

230 1764 286 1807 τοὶ
312 1764 553 1822 πράγματα
591 1763 889 1811 εὐωνοτάτους
926 1765 1016 1806 ἔστι
1056 1766 1212 1820 (fidesve
1248 1764 1456 1817 ἀγαθούς
1490 1765 1754 1815 κτήσασθαι

232 1845 405 1887 Etenim
452 1845 621 1886 Horatii
668 1858 839 1886 versum
884 1845 944 1885 ita
1001 1845 1293 1901 interpretari,
1340 1846 1461 1901 quasi
1508 1846 1769 1902 significetur

231 1926 361 1980 „Ktein
392 1925 532 1982 Ἑτείᾷ,
564 1939 630 1970 um
663 1926 737 1970 beu
767 1939 861 1970 mun
901 1925 1011 1970 einen
1043 1927 1206 1982 &renuo
1247 1926 1446 1971 ermerbeu
1478 1927 1598 1981 fanu,
1642 1928 1690 1983 ist
1720 1943 1768 1985 311

232 2007 366 2063 ῇοᾶ)“,
398 2011 591 2048 vetamur
623 2006 762 2047 verbis
793 2008 986 2063 proxime
1017 2006 1297 2062 praegressis:
1329 2008 1390 2048 m'l
1430 2008 1647 2065 Grosphus
1687 2016 1769 2052 nisi

227 2103 361 2129 verum
393 2094 525 2130 orabit
554 2096 591 2129 et
620 2102 793 2143 aequum.

784 2236 919 2293 Epist.
952 2238 988 2290 Ι,
1024 2239 1090 2289 13,
1126 2239 1192 2278 18.

594 2362 604 2373 .
637 2329 789 2373 oratus
820 2329 958 2373 multa
988 2343 1118 2387 prece
1149 2330 1292 2374 nitere
1323 2343 1469 2387 porro.

351 2422 473 2464 Haec
504 2421 634 2464 verba
664 2435 775 2462 nunc
805 2424 919 2462 recte
950 2421 1004 2463 ad
1034 2426 1202 2478 poetam
1224 2422 1284 2464 ita
1304 2422 1559 2475 referuntur,
1583 2426 1630 2463 ut
1650 2421 1764 2464 idem

227 2504 399 2546 valeant
429 2503 564 2558 quod:
597 2503 692 2557 Ego
722 2507 765 2544 te
795 2503 928 2544 multa
958 2516 1083 2558 prece
1114 2516 1200 2556 oro,
1224 2508 1272 2544 ut
1292 2517 1415 2559 porro
1433 2504 1583 2544 nitare.
1616 2502 1768 2544 Causis

229 2598 256 2625 a
285 2583 523 2625 Ribbeekio
555 2583 693 2624 allatis
724 2582 856 2637 adde,
900 2583 1033 2639 quod,
1077 2585 1277 2639 quoniam
1316 2585 1434 2627 Vinii
1476 2584 1768 2639 garrulitatem

230 2663 410 2705 Horatio
450 2677 535 2705 non
576 2663 707 2704 fuisse
758 2663 1015 2718 incognitam
1059 2679 1114 2705 ex
1162 2664 1512 2721 praecedentibus
1546 2664 1763 2706 vocabulis

230 2747 291 2789 Ne
321 2747 436 2804 vulqo
479 2761 628 2788 narres
675 2755 710 2788 te
751 2747 957 2788 sudavisse
993 2747 1170 2802 ferendo
1214 2748 1427 2798 Carmina,
1469 2762 1569 2802 quae
1605 2754 1768 2802 possint
