1911 3160
816 271 1070 311 -6-

758 396 896 451 Epist.
928 396 964 448 l,
997 399 1037 447 2,
1075 397 1137 436 15.

368 475 609 530 Seditione‚
642 475 775 530 dolis,
808 477 975 521 scelere
1006 476 1135 533 atque
1167 476 1350 519 libidine
1382 476 1426 519 et
1456 476 1525 519 ira

370 558 530 602 Iliacos
560 558 681 603 intra
711 571 857 603 muros
888 559 1098 616 peccatur
1128 559 1171 602 et
1202 558 1342 602 extra.

295 650 391 691 Hoc
423 650 529 703 loco,
561 665 615 693 ne
646 652 848 693 orationis
875 653 1077 707 junctura
1107 652 1151 691 in
1181 652 1354 692 licentia
1384 650 1552 706 poetica
1582 648 1719 704 posita

181 744 275 771 esse
297 730 506 784 videatur,
537 733 721 787 primum
751 732 1063 774 admonendum
1096 735 1160 773 est
1190 731 1254 772 bis
1287 731 1481 772 binorum
1511 728 1719 770 membro-

177 825 271 851 rum
315 812 450 852 altera
491 813 723 863 (seditione,
764 813 893 863 dolis]
934 812 1159 863 dissoluta,
1209 806 1352 850 altera
1382 811 1556 859 (scelere
1605 817 1720 865 atque

179 891 344 933 libidine
374 899 412 932 ec
442 896 532 940 ira)
561 893 621 934 ita
647 894 796 948 juncta
825 893 940 949 poni,
972 897 1018 934 ut
1046 892 1196 933 horum
1237 891 1355 947 prius
1389 891 1562 940 (scelere
1603 896 1719 945 atque

175 971 363 1021 libidine)
406 985 429 1013 e
474 972 641 1014 duobus
682 973 727 1014 in
774 988 903 1014 unum
953 973 1074 1029 quasi
1117 972 1325 1013 coalescat
1368 964 1717 1026 (ηῗτευεῐηιὶίῒῇἱςὲ

178 1050 422 1106 ἩόἱΙῘΐίῘῖ”);
467 1053 619 1096 deinde
659 1068 713 1095 ne
753 1054 857 1095 illud
889 1054 1060 1109 quidem
1092 1053 1465 1110 praetermittatur,
1510 1051 1718 1101 seditione,

177 1132 289 1174 dolis
311 1133 580 1189 populorum,
602 1136 754 1177 scelere
775 1143 889 1192 atque
913 1135 1074 1177 libidine
1101 1142 1139 1176 et
1163 1140 1229 1175 ira
1257 1146 1409 1187 regum
1430 1135 1574 1174 aestus
1596 1132 1651 1185 (v.
1672 1132 1717 1186 8)

178 1212 420 1267 significari.

756 1330 893 1386 Epist.
930 1329 965 1382 I,
998 1331 1038 1381 2,
1074 1331 1139 1371 18.

859 1411 1028 1454 Ulixen.

292 1501 461 1558 Operae
493 1503 678 1558 pretium
711 1502 789 1543 erit
821 1502 1004 1543 breviter
1025 1501 1254 1543 admonere
1274 1501 1527 1543 vocabulum
1546 1500 1718 1553 „Obve-

179 1581 304 1629 oses-‘⁴
353 1596 408 1623 ex
444 1582 580 1624 forma
619 1580 835 1638 (Aeolica)
875 1580 1101 1629 Ὀλυσσεύς
1141 1581 1197 1625 ad
1232 1581 1441 1634 „Ulixen“
1488 1581 1716 1624 deductum

177 1676 287 1704 esse.
331 1662 501 1718 Magnis
533 1663 613 1704 hoc
644 1664 854 1719 certisque
886 1663 1146 1718 argumentis
1178 1676 1232 1704 ex
1248 1662 1475 1704 Eustathio
1494 1662 1566 1719 (ad
1588 1663 1716 1703 Hom.

170 1743 217 1784 B
248 1744 331 1785 569
372 1758 410 1799 p.
445 1745 547 1795 289)
579 1747 621 1784 et
653 1743 913 1792 Quintiliano
960 1744 1014 1800 (l,
1053 1747 1092 1796 4,
1136 1742 1208 1799 16)
1254 1744 1397 1798 petitis
1438 1743 1718 1797 refutatisque

176 1822 398 1864 Plutarchi
429 1823 583 1878 (Marc.
617 1824 691 1875 20)
734 1827 775 1864 et
806 1823 926 1879 Ibyci
959 1823 1045 1876 (ed.
1079 1822 1343 1865 SchneideW.
1381 1837 1421 1878 p.
1462 1823 1576 1877 139),
1609 1835 1718 1878 quae

179 1902 443 1955 ferebantur,
482 1903 736 1944 testimoniis
777 1917 912 1959 nuper
953 1903 1096 1944 docuit
1136 1903 1193 1944 H.
1226 1902 1412 1956 Jordan,
1455 1895 1552 1944 krit.
1585 1902 1717 1944 Beitr.

183 1997 258 2024 zur
290 1983 444 2025 Gesch.
477 1983 552 2025 der
583 1984 655 2025 lat.
688 1982 782 2040 Spr.
846 1983 1008 2038 (Berlin
1045 1983 1173 2041 1879)
1232 1999 1273 2040 p.
1306 1984 1510 2027 38—45.

750 2123 887 2179 Epist.
920 2123 955 2175 I,
998 2126 1038 2176 2,
1071 2126 1139 2166 34.

905 2237 915 2247 .
958 2206 1002 2247 et
1032 2205 1078 2247 ni

350 2283 506 2327 Posces
536 2284 637 2327 ante
670 2284 784 2328 diem
815 2284 977 2328 librum
1008 2297 1104 2329 cum
1135 2286 1310 2339 lumine,
1344 2286 1381 2329 si
1412 2299 1498 2330 non

346 2364 551 2408 Intendes
583 2364 773 2407 animum
806 2365 963 2408 studiis
995 2366 1039 2408 et
1068 2366 1199 2409 rebus
1231 2367 1437 2420 honestis,

347 2443 520 2488 Invidia
550 2444 621 2487 vel
651 2456 798 2488 amore
830 2445 938 2502 vigil
968 2446 1241 2502 torquebere.
1305 2447 1408 2490 Nam
1439 2459 1531 2500 cur,

347 2525 463 2574 Quae
493 2524 677 2568 laedunt
707 2525 897 2579 oculum,
929 2526 1113 2569 festinas
1145 2526 1336 2571 demere:
1371 2528 1407 2570 si
1439 2528 1542 2584 quid.

346 2605 425 2650 Est
456 2606 658 2660 animum,
691 2606 843 2650 differs
874 2608 1060 2651 curandi
1090 2608 1259 2665 tempus
1291 2609 1336 2651 in
1367 2608 1558 2652 annum?

289 2686 507 2728 Particula
536 2702 629 2729 nam
659 2702 699 2729 v.
734 2689 804 2741 37,
838 2692 885 2730 ut
916 2702 1043 2744 saepe
1074 2689 1187 2744 apud
1218 2690 1401 2744 tragicos
1433 2688 1535 2746 γάρ,
1568 2690 1715 2745 poscit,

171 2771 219 2810 ut
249 2772 350 2809 ante
382 2767 604 2811 audiatur:
636 2767 694 2810 Et
724 2774 838 2812 recte
870 2783 920 2811 ac
951 2770 1101 2812 merito
1133 2770 1401 2827 torquebere.
