1911 3160
820 235 1102 276 ..27„-

196 382 250 409 ne
280 366 533 421 negligatur,
564 361 815 404 vertendum
846 362 944 403 erit:
1002 360 1092 411 „uiss
1137 372 1178 403 et
1218 357 1334 412 buret)
1375 354 1436 399 bie
1481 352 1732 409 unabh'iffige

198 446 438 501 ffiemfibmtg
482 443 603 499 {einer
647 441 914 487 Qermunbten
967 436 1328 495 mieberbergestestt
1398 434 1461 480 bie
1509 432 1727 489 struntbeit

198 526 312 581 buret)
345 525 426 569 eine
459 523 605 582 aquei
636 522 871 578 nossftfinbig
904 519 1124 566 nestrieBen
1156 519 1305 576 beaw.

745 684 880 742 Epist.
911 683 970 737 Π,
1002 686 1042 736 2,
1078 684 1173 724 171.

974 810 984 819 .
1018 810 1028 819 .
1062 809 1072 819 .
1105 775 1322 831 tamquam

561 861 628 905 Sit
658 860 884 918 proprium
914 858 1158 917 quidquam.

326 952 579 1008 Conjunctio
611 961 813 1009 tamquam
845 965 941 992 cum
970 949 1162 991 irrisione
1201 946 1339 1003 posita
1374 958 1469 985 raro
1509 943 1739 997 usurpatur

202 1047 278 1089 pro
310 1040 434 1090 quasi,
467 1040 581 1090 quasi
611 1048 720 1086 vero,
747 1032 928 1088 proinde
959 1036 1087 1086 quasi.
1149 1027 1351 1070 Similiter
1395 1024 1482 1066 Sat.
1515 1024 1575 1077 ΙΙ,
1610 1025 1650 1075 2,
1682 1023 1737 1064 27

208 1114 446 1169 Tamquam
476 1114 530 1154 ad
560 1128 650 1154 rem
681 1113 858 1155 attineat
888 1110 1134 1166 quidquam.

761 1262 899 1319 Epist.
930 1261 990 1315 ΙΙ,
1023 1262 1062 1313 2,
1096 1260 1192 1301 206.

687 1356 814 1398 Caret
841 1355 924 1397 tibi
953 1354 1105 1410 pectus
1136 1353 1258 1395 inani

417 1434 693 1480 Ambitione?
722 1435 844 1478 caret
873 1434 1027 1478 mortis
1057 1433 1290 1478 formidine
1322 1431 1366 1475 et
1395 1428 1499 1473 ira?

418 1516 601 1569 Somnia,
630 1515 828 1559 terrores
857 1515 1048 1571 magicos
1059 1512 1114 1570 ἢ,
1146 1512 1373 1564 miracula,
1406 1521 1548 1566 sagas

417 1596 659 1641 Nocturnos
688 1595 878 1640 lemures
907 1594 1195 1653 portentaque
1227 1590 1436 1636 Thessala
1465 1586 1619 1633 rides?

419 1677 594 1722 Natales
624 1676 752 1733 grate
781 1674 1015 1719 numeras?
1042 1674 1234 1732 ignoscis
1265 1670 1448 1717 amicis?

421 1758 578 1802 Lenior
608 1758 652 1802 et
681 1757 836 1801 melior
864 1758 916 1800 fis
946 1755 1179 1800 accedente
1210 1752 1414 1799 senecta?

329 1850 533 1903 Fuerunt,
566 1849 638 1905 qui
668 1848 712 1889 in
741 1848 958 1890 vocabulis
989 1857 1027 1890 et
1055 1854 1120 1890 ira
1150 1846 1434 1897 offenderent,
1467 1841 1579 1898 quod
1621 1842 1749 1897 poeta

216 1931 328 1972 infra
359 1931 528 1972 demum
560 1935 761 1985 (iquoscz‘s
792 1936 934 1972 amicis
964 1934 1058 1980 etc.)
1099 1929 1151 1970 de
1191 1928 1256 1969 ira
1295 1925 1413 1981 loqui
1444 1923 1748 1966 existimarent.

220 2011 280 2053 At
311 2026 449 2067 neque
482 2011 714 2067 quidquam
744 2011 987 2066 conjectura
1016 2008 1266 2052 mutandum
1296 2006 1478 2058 videtur,
1525 2016 1604 2045 nec
1635 1998 1751 2056 geni-

216 2092 353 2132 tivum
383 2098 530 2133 mortis
561 2092 690 2133 etiam
721 2090 776 2131 ad
804 2090 1059 2131 vocabulum
1088 2096 1156 2130 ira
1186 2089 1335 2129 referri
1376 2084 1599 2143 oportebit.
1661 2079 1750 2121 Ho-

215 2172 347 2213 ratius
379 2174 511 2224 enim,
556 2171 628 2226 qui
668 2170 842 2226 quidem
889 2171 981 2226 ipse
1020 2184 1065 2211 se
1108 2170 1234 2211 irasci
1277 2168 1458 2209 celerem
1503 2162 1752 2220 profiteatur

215 2251 370 2309 (Epist.
402 2251 439 2305 Ι,
470 2253 539 2305 20,
572 2250 660 2308 25),
701 2251 808 2292 iram
838 2250 883 2291 in
911 2249 1106 2307 pessimis
1137 2247 1359 2291 affectibus
1388 2246 1583 2288 numerat
1614 2253 1751 2296 eaque

215 2335 362 2390 procul
393 2338 441 2376 ut
471 2334 581 2376 absit
610 2333 983 2389 prohibeaturque,
1016 2333 1145 2373 etiam
1175 2335 1304 2385 atque
1336 2330 1464 2372 etiam
1494 2329 1650 2378 monet,
1681 2337 1753 2365 ve-

215 2413 294 2455 luti
337 2412 425 2455 Sat.
472 2413 507 2466 I,
554 2415 594 2466 3,
642 2414 664 2456 7
671 2413 696 2454 6
750 2415 959 2467 quatenus
1012 2410 1152 2453 excidi
1213 2409 1383 2466 penitus
1442 2407 1593 2450 vitium
1648 2405 1752 2456 irae,

218 2493 371 2535 Cetera
423 2495 525 2534 item
576 2497 794 2548 nequeunt
845 2492 984 2533 stultis
1035 2490 1279 2544 haerentia3
1331 2489 1469 2544 Epist.
1517 2486 1554 2540 I,
1605 2489 1647 2539 2,
1700 2485 1755 2526 15

218 2573 457 2628 Seditione,
502 2573 629 2628 dolis,
660 2574 818 2616 scelere
848 2575 977 2629 atque
1014 2571 1191 2613 libidine
1233 2574 1276 2612 et
1323 2570 1409 2625 ira3
1450 2566 1553 2609 ibid.
1589 2566 1643 2608 62
1682 2564 1755 2607 Ira

316 2688 352 2733 ³¹⁴)
380 2693 577 2735 „terr-ores,
609 2689 803 2734 magicos“‚
842 2686 1143 2733 quemadmodum
1178 2685 1216 2720 in
1252 2682 1498 2729 compluribus
1536 2680 1756 2718 editionibus

219 2747 393 2795 scriptum
418 2748 559 2794 legitur,
585 2752 745 2784 erratum
768 2745 1071 2794 typographicam
1095 2742 1237 2781 videtur
1261 2751 1353 2780 esse.
