1911 3160
852 237 1119 279 *21-

762 363 897 420 Epist.
930 363 991 417 II,
1027 365 1064 417 1,
1099 365 1194 406 156.

419 458 601 502 Graecia
632 458 760 515 capta
789 458 930 502 ferum
960 458 1169 501 victorem
1201 458 1318 513 cepit
1348 458 1393 500 et
1423 458 1543 499 artes

423 538 581 582 Intulit
610 538 778 595 agresti
807 539 945 582 Latio.

331 629 432 669 Post
481 630 712 682 vocabula,
764 643 874 684 quae
914 629 970 670 ad
1004 642 1073 670 res
1111 629 1284 669 bellicas
1329 629 1564 683 pertinent,
1616 628 1746 671 verbo

217 711 349 753 intulit
378 710 528 752 hostile
559 709 760 766 quiddam
791 709 1054 766 significante
1085 710 1225 765 imago
1257 709 1536 751 continuatur.

758 896 894 953 Epist.
930 896 985 950 11,
1022 898 1059 949 1,
1097 865 1191 938 164.

374 989 618 1048 Temptavit
648 1002 825 1047 quoque,
857 1003 949 1034 rem
980 990 1017 1034 si
1048 989 1178 1047 digne
1210 989 1383 1033 vertere
1415 989 1573 1046 posset.

330 1080 595 1121 Vocabulum
641 1095 727 1122 rem
768 1085 861 1122 utro
902 1084 957 1123 sit
999 1080 1287 1132 referendum,
1331 1093 1404 1120 cur
1448 1081 1493 1121 in
1545 1079 1745 1133 ambiguo

215 1161 508 1216 relinquatur?
539 1161 733 1203 Postulat
761 1163 967 1218 particula
998 1177 1152 1219 quoque
1180 1161 1275 1202 voci
1306 1166 1502 1216 temptavit
1530 1159 1744 1214 adjuncta,

215 1245 261 1281 ut
292 1241 558 1282 accusativus
588 1255 672 1283 rem
715 1255 740 1282 a
778 1242 907 1283 verbo
949 1250 1102 1284 vertere
1137 1241 1344 1298 pendeat:
1385 1241 1594 1282 contrarie
1634 1241 1747 1281 enim

213 1321 321 1362 inter
364 1336 410 1362 se
450 1322 688 1363 referuntur
735 1323 1016 1378 cognoscendi
1064 1323 1171 1364 ratio
1219 1323 1434 1376 (quaerere
1475 1336 1513 1362 V.
1563 1322 1663 1376 162)
1706 1326 1749 1363 et

213 1402 504 1458 experimenta
564 1402 776 1445 scribendi
815 1404 1029 1461 (temptare
1059 1419 1099 1445 v.
1147 1404 1259 1455 164).
1321 1401 1462 1443 Versu
1508 1404 1593 1445 258
1641 1417 1748 1456 „nec

213 1497 332 1524 meus
363 1484 491 1525 audet
517 1483 627 1525 Rem
656 1489 864 1541 temptare
895 1485 1045 1540 pudor,
1078 1499 1206 1540 quam
1236 1485 1349 1526 vires
1380 1483 1490 1524 ferre
1522 1487 1747 1525 recusent“

211 1564 316 1605 nihil
344 1564 559 1620 probatur.

766 1738 905 1795 Epist.
935 1739 995 1793 II,
1031 1743 1069 1793 1,
1103 1742 1200 1783 195.

446 1832 673 1876 Diversum
704 1832 885 1877 confusa
914 1845 1052 1890 genus
1083 1832 1299 1890 panthera
1330 1830 1506 1876 camelo.

326 1924 548 1966 Diversum
574 1938 701 1978 qenus
732 1938 810 1965 nec
839 1925 1047 1982 appositio
1077 1928 1216 1980 potest
1246 1936 1358 1965 esse:
1391 1927 1602 1978 repugnat
1622 1938 1749 1965 voca-

211 2003 300 2046 buli
330 2005 506 2061 confusa
537 2004 774 2061 collocati03
804 2020 884 2048 nec
914 2010 978 2048 est
1007 2005 1132 2058 idem,
1164 2004 1278 2061 quod
1309 2007 1516 2058 „naturae
1539 2004 1745 2059 diversae,

216 2085 354 2126 bellua
399 2100 527 2127 saeva
570 2091 612 2128 et
651 2091 875 2129 mansueta
915 2086 1191 2129 commixta“:
1232 2089 1472 2141 repugnant
1512 2085 1642 2127 verba
1680 2086 1742 2126 in-

211 2166 452 2222 sequentia:

488 2251 580 2291 Sive
609 2250 771 2306 elephas
802 2249 918 2290 albus
948 2248 1058 2303 vulfi
1089 2255 1339 2289 converterat
1369 2262 1467 2297 ora,·

211 2342 266 2370 ex
299 2328 453 2384 quibus
484 2330 623 2372 verbis
653 2329 734 2371 hoc
762 2342 935 2370 necesse
967 2341 1059 2370 esse
1089 2333 1284 2383 apparet,
1325 2333 1372 2370 ut
1402 2328 1587 2385 aliquid,
1627 2329 1746 2384 quod

213 2409 290 2451 sub
323 2410 541 2454 oculorum
571 2425 740 2454 sensum
776 2410 916 2463 cadat,
959 2410 1013 2452 sit
1050 2409 1253 2453 additum.
1317 2410 1403 2453 Sed
1444 2425 1531 2454 vox
1571 2411 1744 2466 confusa

210 2492 377 2545 generis
418 2493 547 2536 medii
587 2507 683 2535 cum
722 2492 962 2535 accusativo
998 2492 1149 2547 juncta
1189 2496 1274 2546 est,
1313 2496 1362 2534 ut
1400 2492 1487 2535 Sat.
1519 2492 1561 2545 I,
1603 2494 1644 2545 6,
1690 2493 1744 2534 74

213 2573 435 2628 „suspensi
488 2574 699 2629 loculos“;
751 2574 947 2616 diversum
992 2576 1137 2614 autem
1188 2587 1322 2628 genus
1374 2573 1526 2615 dicitur
1571 2576 1744 2629 propter

209 2652 388 2706 figuram
428 2659 470 2695 et
505 2655 709 2708 colorem,
752 2655 953 2710 quoniam
991 2654 1364 2710 camelopardalis,
1415 2659 1463 2699 ut
1502 2654 1562 2698 ait
1593 2653 1743 2708 Varro,

212 2737 275 2776 est
304 2733 440 2789 figura
470 2739 518 2779 ut
549 2737 749 2790 camelus,
779 2737 955 2779 maculis
985 2740 1032 2777 ut
1061 2735 1280 2793 panthera.
