1911 3160
791 265 1077 309 *20—

156 396 315 444 tamen,
362 394 412 432 ut
454 390 499 432 in
546 391 750 433 reflexivo
801 395 1055 436 contrariam
1103 395 1315 451 quandam
1345 394 1449 450 vim,
1497 406 1606 451 quae
1638 397 1702 437 est

160 473 422 529 pronominis
469 480 556 534 ipse
598 475 781 529 propria,
827 478 1008 530 positam
1041 492 1133 519 esse
1165 482 1391 533 appareat:
1435 478 1701 519 notissimum

158 554 279 608 illud,
332 553 445 609 quod
491 554 730 610 promiscue
781 568 806 595 a
847 556 1121 612 scriptoribus
1162 562 1410 615 usurpatur:
1444 563 1700 614 quantumin

157 643 249 691 ipso
280 644 340 677 esc
370 639 412 676 et
443 643 635 691 quantum
664 642 706 677 in
739 650 782 676 se
811 645 878 677 est.

732 821 867 877 Epist.
901 821 959 873 Π,
993 823 1028 873 1,
1062 825 1129 864 91.

601 946 611 956 .
646 946 656 955 .
689 914 766 955 aut
797 914 901 969 quid
932 914 1127 968 haberet,

342 993 462 1044 Quod
492 993 664 1049 legeret
694 993 944 1051 tereretque
975 995 1142 1038 viritim
1172 995 1373 1052 publicus
1404 1008 1522 1039 usus.

276 1087 546 1127 Denotantur
590 1085 872 1126 bibliothecae
919 1086 1086 1142 publice
1132 1087 1350 1128 institutae
1399 1113 1451 1118 —
1495 1088 1630 1143 Epist.
1662 1089 1698 1140 I,

165 1172 203 1220 3,
238 1170 289 1210 17
334 1166 515 1222 Scripta,
559 1165 781 1208 Palatinus
825 1180 1105 1222 quaecunque
1147 1167 1305 1223 recepit
1345 1168 1519 1224 Apollo;
1557 1167 1617 1221 II,
1661 1171 1699 1222 1,

156 1250 241 1290 216
283 1249 318 1288 si
359 1261 513 1288 munus
544 1246 742 1301 Apolline
793 1246 967 1300 dignum
1011 1247 1088 1288 Vis
1132 1248 1340 1303 complere
1381 1248 1499 1289 libris
1529 1274 1599 1300 —,
1644 1262 1699 1288 ex

156 1329 310 1384 quibus
341 1328 438 1369 libri
468 1331 605 1369 mutui
635 1328 910 1368 sumebantur
940 1353 993 1357 -—
1025 1328 1367 1383 terebanturque.

711 1500 845 1556 Epist.
879 1501 937 1553 ΙΙ,
972 1504 1008 1553 1,
1044 1503 1138 1544 101.

253 1596 364 1646 Quid
394 1594 540 1652 placet
570 1594 647 1636 aut
678 1593 775 1636 odio
807 1594 886 1646 est,
919 1593 1031 1648 quod
1061 1607 1145 1637 1101]
1178 1594 1386 1637 mutabile
1418 1594 1604 1638 credas?

274 1686 402 1727 Hunc
433 1699 602 1727 versum
634 1684 687 1725 de
721 1684 821 1725 sede
853 1698 930 1725 sua
961 1684 1181 1726 cedentem
1211 1686 1369 1726 rectius
1401 1691 1495 1741 post
1526 1700 1694 1728 versum

162 1770 241 1809 107
276 1767 373 1822 poni
405 1766 661 1821 persuadere
691 1765 796 1806 mihi
826 1779 910 1806 non
942 1779 1066 1820 queo.
1129 1766 1388 1807 Graecorum
1411 1768 1522 1809 enim
1543 1767 1696 1808 mentis

154 1847 482 1888 inconstantiam
526 1846 940 1901 mutabilitatemque
986 1845 1190 1888 Horatius
1236 1850 1514 1902 posteaquam
1553 1846 1697 1903 lepida

155 1930 229 1970 illa
275 1942 370 1969 cum
418 1928 570 1969 infanti
616 1928 757 1983 puella
800 1928 1113 1983 comparatione
1160 1927 1424 1983 vituperasse
1464 1932 1579 1970 visus
1618 1933 1694 1981 est,

151 2012 243 2066 jam
276 2008 462 2065 quodam
490 2008 615 2050 modo
665 2013 854 2062 excusat,
903 2012 1050 2064 utpote
1096 2021 1205 2063 quae
1251 2008 1295 2048 in
1336 2008 1428 2064 ipsa
1479 2008 1696 2049 hominum

154 2097 307 2133 natura
338 2092 515 2132 nitatur.
576 2089 637 2130 At
683 2091 756 2144 qui
787 2093 927 2144 potest
956 2089 1060 2141 fieri⁷
1092 2093 1140 2129 ut
1171 2090 1399 2142 Romanos,
1441 2090 1553 2144 quod
1585 2103 1693 2142 eam,

156 2187 266 2227 quae
291 2171 344 2212 ad
366 2171 497 2212 vitam
526 2183 794 2211 communem
826 2173 1001 2224 spectat,
1027 2170 1234 2210 actionem
1266 2169 1540 2224 deseruerint,
1572 2184 1694 2212 voca-

157 2253 268 2293 bulis
301 2252 476 2307 populus
507 2252 604 2291 levis
634 2250 847 2304 vituperet
876 2263 1126 2305 praegressa
1156 2251 1458 2291 excusatione?

714 2422 851 2480 Epist.
882 2422 942 2478 II,
978 2426 1016 2479 1,
1050 2426 1145 2469 110.

314 2516 486 2561 Fronde
519 2529 662 2561 comas
693 2517 831 2561 vincti
862 2519 1020 2562 cenant
1050 2519 1094 2562 et
1125 2518 1320 2561 carmina
1351 2516 1533 2561 dictant.

272 2610 442 2652 Dictanc
473 2623 530 2651 sc.
554 2609 825 2665 scriptoribus
856 2612 960 2652 suis:
1003 2624 1173 2666 prorsus
1205 2609 1354 2651 eodem
1384 2608 1509 2650 modo
1542 2608 1629 2650 Sat.
1654 2608 1691 2662 1,

151 2693 192 2743 4,
228 2692 253 2732 9
280 2690 332 2730 de
364 2689 554 2731 Lucilio:
588 2690 659 2744 „in
691 2691 794 2731 hora
826 2704 954 2748 saepe
987 2691 1190 2733 ducentos
1221 2690 1282 2732 Ut
1314 2703 1515 2744 magnum
1546 2702 1694 2730 versus

152 2771 340 2816 dictabat
371 2776 487 2813 stans
516 2771 627 2829 pede
659 2772 701 2812 in
733 2774 862 2813 uno“.
