1911 3160
847 243 1136 291 *19—

224 375 537 418 Sententiarum
585 378 698 419 enim
743 391 799 419 ex
837 391 973 433 aequo
1012 378 1245 434 positarum
1285 378 1399 434 prior
1430 389 1602 419 causam
1632 375 1756 417 affert

220 458 462 513 posterioris
506 458 547 498 h.
594 473 649 499 s.:
709 459 799 500 Nos
847 459 1021 501 Graecis
1067 473 1151 500 non
1192 459 1327 500 solum
1364 458 1408 499 in
1448 458 1600 500 litteris
1631 471 1755 514 pares

222 552 390 592 sumus,
435 539 530 592 sed,
574 537 917 593 quandoquidem
960 537 1014 578 ad
1065 553 1276 580 summum
1321 539 1516 580 fortunae
1563 538 1756 579 venimus

221 619 259 658 h.
297 633 333 660 e.
364 619 407 659 in
439 618 599 659 bellicis
630 619 758 659 rebus
789 619 951 673 majora
981 632 1108 673 quam
1139 620 1292 661 Graeci
1322 620 1390 660 vel
1419 619 1559 674 potius
1591 632 1757 659 summa

222 712 367 739 sumus
415 699 597 740 assecuti
639 724 696 730 —
734 698 778 740 id
818 700 931 755 quod
972 700 1176 742 Horatius
1207 700 1392 742 breviter
1423 699 1592 754 attingit
1622 713 1661 739 v.
1698 699 1749 740 19

224 780 312 830 „Te
358 781 510 821 nostris
557 781 748 834 ducibus,
792 786 834 823 te
872 782 995 824 Grais
1037 781 1355 834 anteferendo“‚
1392 781 1583 836 pluribus
1614 779 1756 820 verbis

222 860 444 915 perscribit
474 875 511 903 v.
547 862 630 903 253
654 876 743 917 sqq.
781 864 975 918 „tuisque
997 863 1212 919 Auspiciis
1232 866 1368 904 totum
1391 861 1582 902 confecta
1614 859 1756 901 duella

219 953 296 994 per
333 940 477 981 orbem
509 940 788 998 Claustraque
826 944 1042 985 custodem
1077 944 1193 1000 pacis
1224 943 1465 985 cohibentia
1496 942 1655 984 Janum
1697 940 1755 981 Et

219 1019 486 1061 formidatam
530 1021 700 1064 Parthis
744 1028 787 1064 te
829 1025 1018 1081 principe
1063 1025 1271 1067 Romam⁶⁴
1322 1049 1391 1077 —‚
1447 1024 1492 1064 in
1537 1020 1753 1078 pingendi,

221 1101 441 1156 psallendi,
488 1102 674 1143 luctandi
720 1104 894 1158 artibus,
942 1105 1095 1160 quibus
1127 1105 1306 1147 Graecia
1344 1104 1493 1160 positis
1522 1102 1751 1144 Persarum

224 1181 342 1222 bellis
390 1182 610 1236 indulgere
649 1184 786 1240 coepit
829 1184 886 1240 (v.
919 1187 973 1227 93
1006 1190 1128 1241 sqq.),
1162 1185 1336 1227 Graecis
1368 1184 1496 1225 etiam
1537 1186 1752 1239 praestare

219 1262 488 1304 existimandi
538 1278 697 1305 sumus.
749 1290 806 1295 —-
852 1265 1060 1307 Vocabuli
1116 1268 1309 1322 fortunae
1369 1266 1432 1307 vis
1485 1265 1633 1306 eadem
1691 1268 1754 1304 est

220 1356 329 1397 quae
361 1358 400 1385 v.
434 1347 499 1386 94.

789 1450 925 1507 Epist.
956 1451 1015 1505 II,
1051 1454 1088 1505 1,
1123 1454 1189 1494 75.

523 1542 689 1599 Injuste
719 1544 858 1588 totum
889 1545 1010 1588 ducit
1040 1545 1272 1601 venditque
1302 1556 1465 1601 poema.

333 1641 541 1685 Junctura
572 1645 753 1687 ducendi
782 1647 1078 1703 vendendique
1117 1646 1299 1688 dilucide
1330 1645 1552 1688 ostendere
1583 1646 1751 1687 videtur

218 1722 485 1765 referendam
542 1728 857 1771 translationem
916 1743 1009 1770 esse
1055 1728 1109 1770 ad
1153 1732 1384 1769 mercatum
1430 1726 1749 1782 nundinasque:

220 1805 374 1861 quippe
421 1809 662 1851 venditores
712 1825 857 1853 earum
899 1811 1116 1864 mercium,
1159 1824 1268 1866 quae
1311 1824 1395 1852 non
1424 1809 1633 1864 singulae,
1680 1807 1756 1849 sed

219 1891 291 1927 aut
329 1888 470 1942 plures
514 1890 638 1931 simul
679 1896 753 1933 aut
782 1892 970 1948 pondere
1008 1893 1077 1934 vel
1107 1906 1304 1935 mensura
1335 1895 1534 1943 veneunt,
1574 1890 1755 1946 optimas

219 1981 421 2022 quasque,
454 1970 607 2023 quibus
638 1972 913 2028 improbiores
945 1975 1219 2027 occultentur,
1259 1974 1394 2029 primo
1424 1973 1516 2013 loco
1548 1971 1755 2012 collocare

218 2048 285 2088 vel
335 2063 462 2105 supra
510 2051 728 2108 imponere
770 2054 917 2096 solent.
979 2054 1131 2097 Verte:
1171 2060 1238 2107 „es
1275 2054 1322 2110 ist
1369 2053 1538 2109 unrecIJt,
1584 2050 1662 2105 {³053
1714 2064 1755 2094 es

219 2141 269 2172 au
310 2129 369 2172 bie
412 2131 545 2187 &pige
587 2133 657 2177 bez
699 2147 844 2192 gangen
876 2135 1062 2192 &ebicbtss
1095 2135 1240 2191 geftesst
1297 2134 1398 2179 mitb
1450 2134 1531 2179 unb
1577 2131 1755 2188 basietbe

217 2209 459 2267 empfiebst¹¹.

792 2344 928 2402 Epist.
959 2344 1018 2399 II,
1055 2348 1090 2399 l,
1124 2346 1191 2387 83.

334 2437 415 2483 Vel
445 2440 545 2496 quia
574 2438 639 2483 nil
668 2439 849 2493 rectum,
880 2439 968 2483 nisi
998 2438 1110 2495 quod
1140 2437 1308 2495 placuit
1339 2437 1435 2493 sibi,
1468 2437 1645 2483 ducunt.

334 2532 619 2588 Exspectatur
665 2531 835 2587 syntaxi
885 2535 1075 2572 servata:
1118 2530 1200 2571 nisi
1242 2530 1355 2584 quod
1405 2531 1486 2572 sibi
1531 2532 1754 2587 placuerit.

219 2612 379 2653 Verum
426 2614 553 2654 etiam
599 2613 644 2654 in
688 2625 814 2668 prosa
859 2611 1047 2653 oratione
1092 2625 1177 2652 non
1222 2623 1318 2652 raro
1358 2611 1509 2652 tertiae
1548 2626 1755 2668 personae

215 2706 446 2747 pronomen
490 2694 535 2735 in
581 2693 800 2735 sententiis
841 2692 1031 2734 relativis
1077 2706 1162 2733 non
1200 2691 1484 2748 pendentibus
1517 2692 1571 2734 ad
1602 2694 1755 2750 prinei-

215 2775 323 2830 palis
369 2777 604 2818 sententiae
655 2773 894 2830 subjectum
935 2774 1139 2815 reflexive
1187 2774 1367 2815 relatum
1414 2774 1650 2827 invenitur,
1696 2774 1756 2816 ita

1571 2843 1622 2887 2*
