1911 3160
813 714 950 770 Epist.
982 715 1017 768 I,
1053 717 1090 768 1,
1124 718 1161 757 2.

432 794 681 851 Spectatum
712 796 819 839 satis
851 797 895 840 et
926 796 1131 840 donatum
1156 799 1250 855 jam
1291 798 1401 841 rude
1433 831 1443 841 .
1477 831 1487 840 .
1522 832 1532 841 .

324 897 591 939 Vocabulum
604 907 818 955 spectatum
839 900 925 941 noli
945 900 1213 957 interpretari
1228 899 1475 958 „bem‹·if)rt¹¹‚
1494 900 1570 943 sed
1588 900 1753 957 „iiffent=

211 977 283 1033 Iid)
315 978 607 1033 auf'getretew':
649 980 709 1021 ita
739 982 872 1023 oratio
903 982 959 1024 ad
994 984 1133 1039 majus
1172 983 1276 1024 illud
1315 983 1507 1025 donatum
1528 988 1618 1038 J'am
1648 983 1754 1024 rude

208 1061 322 1101 recte
352 1059 658 1117 progredietur.

785 1224 923 1280 Epist.
955 1226 991 1278 I,
1026 1228 1064 1278 1,
1096 1228 1165 1270 54.

699 1306 839 1352 Janus
868 1320 1056 1353 summus
1078 1309 1132 1353 ab
1154 1309 1252 1354 imo.

325 1400 537 1449 Quoniam
548 1401 576 1442 J
578 1415 684 1443 anus
699 1403 877 1458 medius,
895 1404 950 1446 ad
966 1419 1095 1461 quem
1111 1410 1276 1447 constat
1292 1406 1556 1460 argentarios
1573 1405 1747 1458 sedisse,

211 1481 340 1522 etiam
384 1482 563 1537 simplici
593 1482 695 1524 Jani
724 1486 894 1527 nomine
925 1487 1166 1542 appellatur
1196 1487 1269 1542 (cf.
1300 1487 1381 1531 Ov.
1412 1502 1442 1529 r.
1475 1503 1514 1529 a.
1548 1489 1628 1530 561
1664 1487 1748 1535 Qui

208 1562 353 1617 puteal
382 1561 410 1604 J
413 1576 628 1618 anumque
669 1564 791 1607 timet
830 1566 1072 1623 celeresque
1111 1566 1361 1623 Kalendas),
1404 1567 1557 1623 quibus
1601 1571 1745 1609 autem

204 1643 445 1685 nominibus
477 1644 561 1685 duo
591 1645 787 1699 illidani,
818 1647 928 1689 inter
949 1662 1054 1703 quos
1076 1649 1242 1690 medius
1273 1651 1378 1691 situs
1410 1653 1513 1702 erat,
1539 1649 1744 1704 appellari

205 1724 287 1765 sint
318 1725 442 1778 soliti,
474 1739 645 1781 prorsus
676 1728 874 1781 nescitur,
906 1743 997 1782 nec,
1028 1743 1123 1770 cum
1154 1734 1282 1785 poeta
1312 1730 1458 1772 scribit
1485 1744 1668 1772 summus
1694 1730 1744 1770 ab

203 1810 293 1856 imo,
317 1804 473 1846 idcirco
496 1805 561 1847 his
581 1806 722 1848 verbis
743 1810 878 1849 totum
901 1809 1083 1865 spatium
1105 1810 1214 1851 inter
1235 1810 1340 1852 duos
1357 1810 1385 1852 J
1387 1824 1490 1852 anos
1512 1810 1743 1851 exteriores

203 1889 442 1939 porrectum
474 1885 697 1929 denotetur
726 1902 899 1931 necesse
932 1895 1016 1932 est:
1059 1891 1410 1933 verisimillimum
1431 1891 1600 1933 videtur
1621 1903 1744 1932 voca-

201 1962 311 2005 bulis
341 1966 472 2008 Janus
503 1980 680 2010 summus
711 1970 760 2010 ab
792 1975 875 2011 imo
905 1970 1010 2012 nihil
1041 1971 1269 2027 significari
1306 1972 1389 2013 nisi
1426 1972 1500 2013 illa
1530 1971 1742 2026 utrimque

200 2045 434 2088 secundum
464 2047 624 2090 Janum
664 2050 850 2092 medium
886 2051 1000 2104 loca,
1040 2052 1113 2094 ubi
1151 2053 1413 2095 feneratores
1456 2052 1741 2107 argentariam

201 2126 472 2170 exercebant.
534 2129 733 2172 Ceterum
772 2131 888 2174 locus
932 2137 1023 2174 erat
1064 2133 1134 2175 via
1173 2147 1294 2175 sacra
1335 2134 1390 2175 ad
1428 2134 1584 2176 olivum
1616 2132 1741 2189 Capi-

197 2208 376 2250 tolinum
406 2223 554 2251 versus
588 2211 727 2252 forum
748 2213 1063 2255 transeuntibus
1084 2215 1305 2269 paullatim
1336 2215 1521 2257 acclivis.
1585 2216 1737 2255 Verte:

202 2287 296 2340 „bet
329 2289 535 2347 (mittIere)
566 2291 715 2348 311an
746 2301 824 2337 non
855 2297 975 2339 unten
1007 2293 1073 2339 bis
1106 2293 1246 2339 oben⁴¹.

771 2479 907 2535 Epist.
939 2480 975 2531 1,
1008 2482 1048 2532 2,
1084 2482 1150 2523 13.

309 2570 431 2613 Hunc
461 2583 595 2625 amor,
627 2572 697 2615 ira
728 2573 898 2629 quidem
930 2573 1215 2618 communiter
1245 2574 1338 2617 urit
1368 2574 1614 2632 utrumque.

319 2662 486 2712 Quidem
527 2667 591 2704 est
628 2663 964 2706 adversativum:
1007 2665 1059 2706 de
1100 2679 1184 2722 quo
1226 2666 1460 2721 particulae
1499 2680 1582 2707 usu
1623 2666 1731 2709 conf.

197 2739 513 2796 Naegelsbach,
536 2744 605 2788 lat.
627 2744 719 2790 Stil.
733 2744 751 2774 6
771 2760 812 2807 p.
832 2747 930 2799 572,
953 2746 1084 2789 Halm
1105 2746 1159 2789 ad
1180 2748 1263 2790 Cic.
1284 2748 1330 2789 in
1344 2746 1467 2792 Verr.
1479 2747 1556 2801 IV,
1573 2749 1639 2800 ll,
1662 2750 1731 2792 26.
