1911 3160
813 268 1097 309 „14—

177 391 319 433 oculos
351 405 550 447 auresque
580 398 735 433 morari
768 393 957 434 Caesaris
988 397 1177 448 apparet,
1209 394 1322 437 haud
1355 411 1456 438 sane
1486 396 1720 453 periculum

175 471 269 523 fuit,
301 486 354 512 ne
385 472 466 512 iste
498 486 523 511 a
555 472 729 513 curiosis
752 473 993 513 hominibus
1019 473 1061 513 in
1091 473 1241 515 itinere
1263 477 1457 531 precibus
1482 482 1716 532 urgeretur.

746 575 881 631 Epist.
914 576 949 628 Ι,
988 579 1052 628 15,
1087 580 1155 618 31.

379 668 603 711 Pernicies
634 670 678 712 et
707 669 943 725 tempestas
974 669 1317 727 barathrumque
1347 672 1533 726 macelli,

380 748 596 805 Quidquid
626 749 888 805 quaesierat,
920 749 1065 792 ventri
1096 749 1284 793 donarat
1314 763 1461 794 avaro.

293 841 428 882 Tacet
473 840 526 882 de
566 856 606 882 v.
648 843 694 883 31
745 840 956 894 Kruegeri
994 839 1135 882 editio.
1182 866 1228 872 —
1273 841 1489 895 Maenius,
1534 856 1588 883 ex
1634 856 1717 897 quo

178 925 369 978 tempore
412 934 557 961 scurra
587 933 722 975 vagus
769 920 906 960 factus
953 925 1064 972 erat,
1103 921 1218 961 nullo
1256 922 1347 976 jam
1388 926 1511 977 pacto
1554 926 1718 977 poterat

175 1003 379 1058 appellari
407 1009 613 1058 pernicies
655 1035 662 1042 .
701 1034 709 1041 .
744 1033 752 1042 .
793 1002 965 1042 macelli.
1028 1002 1094 1042 Ita
1134 1000 1336 1054 efficitur,
1378 1006 1425 1043 ut
1465 1003 1714 1058 scripturam

173 1083 350 1124 donabat
381 1081 658 1123 excludamus
691 1081 1079 1137 amplectamurque
1111 1081 1285 1122 alteram
1323 1094 1407 1121 non
1439 1082 1601 1122 minore
1631 1082 1715 1123 fide

173 1164 342 1217 dignam
386 1164 574 1205 donarat.
636 1164 782 1217 Atque
837 1163 1037 1216 quoniam
1084 1162 1212 1216 hujus
1261 1163 1390 1203 totius
1441 1162 1604 1217 periodi
1654 1164 1717 1203 uti

172 1244 402 1300 superioris
443 1258 481 1283 v.
519 1244 658 1284 1—25
699 1242 974 1283 conformatio
1028 1241 1081 1282 ad
1133 1255 1370 1283 sermonem
1421 1242 1712 1297 quotidianum

170 1324 489 1365 accommodata
520 1328 596 1372 cst,
630 1323 731 1378 quid
764 1323 924 1374 obstat,
956 1337 1009 1363 ne
1042 1337 1189 1363 versus
1231 1325 1280 1364 31
1325 1327 1367 1363 et
1407 1325 1461 1365 32
1498 1337 1573 1379 pro
1620 1338 1714 1379 par-

170 1403 335 1445 enthesi
380 1403 631 1455 habeantur,
675 1417 759 1457 qua
790 1403 1008 1455 Horatius,
1042 1416 1124 1457 quo
1155 1402 1281 1443 modo
1312 1402 1503 1443 Maenius
1526 1417 1594 1444 res
1625 1417 1712 1445 ma-

168 1489 314 1525 ternas
345 1489 473 1538 atque
504 1488 705 1539 paternas
736 1484 1034 1539 absumpserit,
1068 1483 1284 1538 explicat?
1326 1483 1449 1531 Quod
1481 1484 1516 1525 si
1547 1485 1710 1536 feceris,

168 1564 275 1606 nihil
307 1565 388 1606 erit
419 1578 586 1616 causae,
620 1564 898 1619 quamobrem
932 1564 1015 1605 duo
1047 1564 1105 1604 illi
1136 1577 1284 1605 versus
1321 1567 1538 1619 tamquam
1580 1565 1710 1621 spurii

168 1645 403 1686 deleantur.
465 1644 715 1698 Eademque
757 1646 829 1685 illa
869 1645 1112 1700 parenthesi
1155 1644 1312 1683 factum
1351 1657 1443 1684 esse
1484 1645 1712 1697 videbitur,

166 1731 213 1767 ut
244 1726 483 1780 subjectum
515 1725 707 1766 Maenius
742 1727 801 1777 (v.
837 1726 913 1775 26)
946 1724 1193 1780 pronomine
1226 1725 1289 1764 hic
1313 1724 1370 1776 (v.
1387 1723 1461 1778 33)
1478 1729 1707 1779 repetatur.

165 1805 338 1848 Periodi
379 1805 509 1860 igitur
560 1804 695 1846 forma
732 1805 837 1846 haec
891 1805 991 1846 crit:
1044 1803 1252 1855 Maenius,
1303 1811 1345 1844 at
1393 1835 1440 1843 ..
1479 1836 1487 1845 .
1530 1805 1711 1846 urbanus

166 1894 297 1944 coepit
326 1887 466 1928 haberi
497 1890 728 1942 [pernicies
761 1920 768 1927 .
803 1919 810 1926 .
844 1921 851 1927 .
885 1886 1059 1927 donarat
1101 1919 1108 1926 .
1142 1919 1149 1925 .
1191 1888 1247 1934 .).·
1279 1885 1355 1936 hic,
1388 1885 1455 1925 ubi
1486 1919 1494 1925 .
1526 1920 1534 1926 .
1569 1917 1578 1925 .
1611 1886 1710 1927 abs-

167 1969 334 2020 tulerat,
373 1972 539 2023 patinas
571 1967 766 2009 coenabat
796 1972 920 2008 omasi
951 2000 958 2006 .
993 1999 1001 2007 .
1036 1981 1089 2015 .,·
1126 1964 1244 2015 idem,
1285 1965 1352 2005 abi
1396 1996 1405 2005 .
1439 1996 1449 2005 .
1483 1996 1492 2005 .
1533 1974 1710 2008 verterat

212 2081 220 2088 .
254 2080 263 2088 .
295 2080 305 2100 ,
341 2047 475 2102 ajebat
503 2055 575 2089 etc.

743 2127 880 2184 Epist.
912 2128 947 2182 I,
985 2128 1050 2181 16,
1086 2130 1124 2168 5.

449 2208 649 2250 Continui
680 2193 860 2262 montes,
893 2210 938 2252 ni
970 2209 1264 2252 dissocientur
1294 2221 1429 2265 opaca

446 2288 586 2333 Valle.

288 2368 597 2423 Conjunctivus
645 2369 881 2424 praesentis
932 2368 1094 2409 facilior
1151 2369 1230 2409 erit
1272 2366 1327 2408 ad
1370 2368 1708 2422 intelligendum,

161 2449 237 2491 ubi
269 2450 362 2504 ejus
392 2449 478 2490 vim
511 2449 700 2506 pluribus
726 2448 868 2490 verbis
899 2449 1013 2490 hisce
1049 2448 1347 2505 explicaveris:
1386 2457 1523 2500 „menn
1556 2448 1609 2493 bu
1642 2448 1707 2493 bit

162 2530 238 2574 bug
271 2529 395 2586 ῖῇαῐ,
428 2530 588 2587 melcbcss
621 2529 671 2585 sie
701 2534 848 2581 tremit,
881 2528 1169 2584 megbtidjteft¹¹.
1233 2528 1352 2569 Conf.
1414 2528 1507 2569 Liv.
1538 2528 1707 2581 XXVl,

161 2615 231 2663 32,
264 2614 313 2653 4:
366 2611 411 2652 Si
459 2612 513 2652 ab
560 2611 706 2652 inferis
739 2611 917 2651 exsistat
947 2623 1024 2650 rex
1071 2609 1237 2650 Hiero.
1274 2641 1283 2649 .
1317 2641 1325 2649 .
1360 2640 1370 2661 ,
1403 2623 1486 2664 quo
1529 2624 1601 2650 ore
1633 2615 1707 2651 aut

161 2690 396 2747 Syracusas
420 2695 493 2732 aut
523 2690 703 2732 Romam
739 2691 778 2732 ei
819 2689 984 2731 ostendi
1016 2702 1153 2745 posse,
1178 2702 1272 2729 cum
1292 2722 1299 2730 .
1317 2721 1326 2730 .
1347 2721 1356 2729 .
1388 2690 1522 2745 spolia
1543 2690 1706 2747 patriae

160 2785 265 2813 suae
299 2771 466 2812 visurus
497 2771 582 2812 sit?
