1911 3160
782 241 1071 280 -12-

561 363 726 420 Corpus
758 369 800 406 et
830 365 970 421 ipsum
1001 367 1192 408 animum
1228 398 1238 406 .
1271 398 1280 407 .
1315 398 1325 407 .

562 443 780 486 Tellurem
811 458 952 501 porc0,
985 445 1206 489 Silvanum
1236 447 1344 489 lacte
1379 447 1569 504 piabant.

288 526 405 567 Addi
446 530 586 582 potest
626 526 669 566 in
710 526 954 581 hujusmodi
994 529 1132 569 causis
1175 529 1515 582 conjunctionem
1553 537 1717 586 postea-

175 620 296 662 quam
346 606 599 662 plerumque
654 608 855 662 conjungi
907 621 1003 649 cum
1057 608 1471 664 plusquamperfecto
1524 609 1591 651 vel
1641 610 1718 651 im-

177 687 380 741 perfecto.

289 766 390 807 Alia
432 771 496 807 est
545 768 652 809 ratio
704 767 806 810 Tac.
844 767 958 811 Ann.
998 767 1058 819 II,
1099 769 1168 820 25,
1220 769 1270 808 13
1323 768 1514 823 „perdita
1562 768 1710 821 classe,

101 891 103 893 ,
178 845 346 886 arnissis
378 847 520 900 armis,
552 852 648 903 post
679 852 892 889 constrata
925 862 1129 903 equorum
1162 850 1434 903 virorumque
1471 847 1717 903 corporibus

175 925 354 979 litora“,
395 926 469 969 ubi
511 942 596 969 non
646 932 733 969 tam
782 928 1012 971 variandae
1058 928 1258 970 orationis
1302 941 1448 980 causa,
1496 942 1624 982 quam
1664 941 1717 968 ne

176 1006 320 1061 plures
362 1007 537 1050 ablativi
585 1015 907 1062 concurrerent,
960 1009 1093 1050 altera
1138 1012 1351 1050 structura
1392 1012 1645 1064 praeoptata
1686 1021 1712 1048 a

173 1087 377 1143 scriptore
410 1092 485 1129 est.

755 1215 891 1272 Epist.
923 1216 958 1267 I,
996 1218 1061 1268 10,
1092 1216 1161 1257 24.

348 1306 556 1349 Naturam
588 1308 784 1364 expellas
814 1308 955 1361 furca,
986 1307 1131 1351 tamen
1162 1320 1298 1364 usquc
1329 1307 1545 1351 recurret.

290 1396 472 1452 Sumpta
503 1399 736 1440 similitudo
769 1403 833 1439 est
863 1413 888 1438 a
918 1398 1007 1439 vita
1046 1400 1321 1452 rusticorum,
1369 1398 1441 1454 qui
1484 1397 1717 1439 bestiarum

175 1477 367 1519 ferarum
398 1479 661 1522 incursiones
693 1481 812 1522 furca
844 1478 1073 1536 (ὃικράνῳ)
1105 1480 1422 1536 propulsabant.

740 1654 877 1709 Epist.
910 1654 945 1705 1,
981 1656 1047 1706 10,
1080 1656 1150 1696 47.

320 1745 513 1802 Imperat
544 1745 622 1788 aut
651 1746 790 1789 servit
820 1746 1006 1789 collecta
1037 1745 1225 1802 pecunia
1256 1745 1410 1802 cuique

324 1826 502 1869 'Portum
534 1827 668 1882 (ligna
700 1827 822 1882 sequi
852 1826 997 1882 potius
1029 1838 1156 1882 quam
1186 1826 1346 1869 (lucere
1378 1826 1538 1869 funem.

292 1929 419 1971 Locis
451 1929 516 1982 iis,
551 1929 705 1985 quibus
737 1929 852 1985 apud
883 1929 988 1971 alios
1019 1935 1166 1985 poetas
1199 1938 1327 1972 tortus
1354 1930 1468 1985 funis
1492 1929 1719 1982 invenitur,

174 2009 274 2051 addi
304 2015 482 2066 possunt
513 2011 578 2051 hi:

231 2090 311 2133 Ov.
344 2092 447 2133 Met.
483 2094 549 2145 15,
568 2093 652 2135 696
674 2091 805 2133 Torta
822 2094 1049 2132 coronatae
1073 2091 1241 2132 solvunt
1263 2089 1496 2131 retinacula
1516 2089 1639 2143 navi;

232 2171 306 2212 Sil.
338 2172 390 2213 It.
426 2174 465 2225 6,
498 2173 582 2214 353
613 2172 791 2213 intortos
823 2176 971 2229 aptare
1001 2171 1216 2213 rudentes.

292 2252 494 2294 Ceterum
525 2253 640 2293 istud
672 2254 891 2308 epitheton
922 2266 1007 2294 non
1037 2253 1189 2293 vitiose
1228 2251 1440 2303 abundat,
1484 2250 1560 2291 sed
1601 2255 1722 2291 ornat

173 2337 390 2388 augetque
422 2333 670 2375 orationem.
731 2334 798 2375 Ac
834 2334 926 2389 jam
970 2333 1085 2390 apud
1126 2332 1364 2374 Homerum
1405 2329 1523 2388 σειρή
1563 2328 1720 2381 πλεκτή

175 2415 225 2468 (χ
263 2416 358 2456 175.
395 2416 494 2466 192)
525 2415 584 2455 ita
616 2415 783 2467 dicitur,
817 2418 863 2455 ut
893 2428 1029 2470 paene
1061 2413 1174 2455 idem
1212 2412 1420 2467 significet
1456 2411 1568 2467 quod
1600 2410 1719 2468 σειρή

177 2493 407 2542 ἐύπλεκτος
447 2496 491 2536 Ψ
521 2496 617 2537 115.
678 2495 958 2537 Notissimum
1001 2499 1065 2536 est
1103 2498 1328 2551 praeterea
1363 2493 1468 2535 illud
1506 2493 1720 2535 Ciceronis

175 2574 247 2631 (de
281 2589 340 2617 or.
363 2575 448 2629 III,
480 2577 550 2628 48,
584 2577 704 2631 184):
746 2576 880 2618 oratio
912 2575 1044 2631 polita
1080 2579 1209 2630 atque
1239 2577 1349 2617 sacta
1380 2574 1564 2630 quodam
1594 2573 1720 2616 modo

174 2680 229 2687 -
258 2656 595 2698 etHoratianum
621 2656 728 2712 (Sat.
762 2659 793 2709 I,
830 2659 895 2709 10,
929 2657 1024 2711 58):
1058 2656 1300 2698 Versiculos
1334 2688 1369 2697 ..
1389 2689 1398 2697 .
1431 2656 1567 2710 magis
1587 2655 1721 2695 factos

177 2742 219 2781 et
236 2741 386 2782 euntes
421 2737 605 2781 Mollius.
639 2763 692 2770 -
725 2736 797 2781 Ad
825 2750 916 2780 rem
948 2737 1084 2794 ipsam
1115 2736 1297 2781 conferri
1325 2737 1423 2780 licet
1435 2736 1535 2780 Juv.
1569 2738 1636 2790 12,
1669 2737 1721 2779 3:
