1911 3160
837 257 889 263 --
954 237 1124 277 23.-

793 359 929 416 Epist.
960 361 1020 415 11,
1054 365 1093 416 2,
1126 366 1166 406 2.

360 463 405 505 Si
436 463 530 518 quis
562 462 675 505 forte
706 463 814 506 velit
843 476 1024 520 puerum
1053 465 1136 508 tibi
1166 466 1354 510 vendere
1385 468 1536 510 natum

360 542 520 587 Tibure
550 543 620 588 vel
651 542 797 588 Gabiis
828 544 873 588 et
900 544 1043 589 tecum
1073 546 1136 590 sic
1167 547 1294 603 agat:
1328 549 1435 602 „Hic
1495 583 1505 592 .
1568 582 1579 593 .

267 704 333 745 15.
366 705 417 747 In
448 705 579 749 scalis
609 705 743 748 latuit
772 705 967 750 metuens
997 707 1226 763 pendentis
1257 708 1502 752 habenae“:

360 785 443 829 Des
473 798 679 840 nummos,
711 786 892 844 excepta
921 787 1035 831 nihil
1064 787 1107 831 te
1140 788 1178 832 si
1209 788 1315 844 fuga
1346 788 1506 843 laedat,

359 866 439 910 Ille
471 866 588 911 forat
617 868 805 925 pretium
835 881 998 925 poenae
1031 881 1224 922 securus,
1258 869 1425 925 opinor.

332 957 477 1014 Hujus
508 958 672 1014 periodi
702 962 915 1001 structura
944 964 991 1002 ut
1021 961 1283 1017 explanetur,
1316 959 1399 1001 duo
1431 963 1529 1001 sunt
1551 959 1747 1002 tenenda.

216 1039 407 1087 Quorum
436 1040 615 1081 alterum
646 1040 726 1081 hoc
757 1045 834 1095 est,
864 1042 927 1083 uti
957 1056 1105 1083 versus
1138 1044 1190 1084 16
1222 1055 1277 1083 ne
1315 1041 1617 1082 adnumeretur
1652 1055 1744 1083 ver-

213 1119 277 1160 bis
307 1120 543 1177 mangonis,
574 1121 731 1177 quippe
763 1122 836 1177 qui
867 1123 978 1164 servi
1009 1122 1230 1175 delictum,
1270 1125 1549 1177 posteaquam
1592 1122 1636 1163 id
1677 1136 1750 1163 vo-

213 1201 353 1241 cabuli
384 1202 572 1243 cessandi
603 1202 778 1244 lenitate
808 1203 1040 1258 mitigavit,
1083 1216 1168 1243 non
1210 1203 1394 1258 potuerit
1435 1202 1636 1243 continuo
1678 1216 1750 1258 ap-

212 1282 371 1338 pellare
411 1281 580 1323 duriore
620 1283 789 1324 nomine
825 1284 964 1340 fuyae.
1025 1285 1221 1325 Alterum
1264 1287 1340 1336 est,
1384 1297 1438 1324 ne
1480 1282 1685 1339 apodosin
1725 1297 1751 1324 a

216 1362 423 1404 vocabulo
469 1363 541 1404 des
577 1363 638 1405 ita
679 1362 863 1417 ordiare,
905 1367 952 1405 ut
1002 1364 1071 1406 des
1110 1378 1299 1406 nummos
1345 1366 1388 1404 ct
1432 1364 1499 1405 ille
1535 1362 1651 1419 ferat
1695 1376 1751 1404 ex

220 1457 356 1497 aequo
387 1448 597 1499 ponantur
628 1444 838 1499 simulque
871 1444 1068 1486 audiatur
1098 1444 1153 1485 ad
1183 1444 1251 1485 des
1281 1457 1516 1499 pronomen
1546 1451 1599 1486 tu.
1656 1443 1749 1484 Imo

216 1523 289 1565 des
330 1538 513 1567 nummos
555 1525 774 1567 notissima
816 1525 889 1568 illa
930 1524 1204 1579 interrogatio
1251 1538 1327 1581 pro
1381 1523 1626 1565 condicione
1672 1528 1749 1578 est,

214 1620 299 1661 qua
329 1606 501 1661 quidem
531 1606 611 1647 hoc
639 1606 731 1647 loco
762 1610 910 1662 poeta,
946 1609 993 1647 ut
1024 1606 1195 1662 opinor,
1238 1609 1410 1660 propter
1451 1606 1749 1660 insequentem

213 1687 465 1743 particulam
495 1693 531 1729 sz'
562 1687 625 1728 uti
652 1685 787 1729 noluit
800 1687 851 1740 *),
910 1686 1058 1728 Habes
1089 1686 1231 1740 igitur,
1264 1685 1338 1727 ubi
1368 1687 1622 1728 sententiam
1652 1700 1746 1742 pro-

213 1768 304 1824 prie
336 1768 579 1823 primariam
612 1768 702 1819 (des
733 1773 938 1819 nummos]
970 1781 1045 1823 pro
1077 1767 1327 1809 secundaria
1358 1772 1415 1818 (si
1446 1767 1515 1809 des
1546 1772 1748 1817 nummos)

213 1849 449 1904 acceperis,
497 1849 613 1892 illam
644 1848 806 1905 periodi
844 1849 1095 1903 imaginem,
1140 1848 1193 1889 de
1225 1862 1309 1903 qua
1348 1847 1645 1903 Naegelsbach
1677 1848 1749 1889 lat.

215 1929 307 1970 Stil.
344 1929 361 1956 6
392 1944 433 1985 p.
466 1931 549 1971 447
595 1929 763 1985 copiose
795 1928 1027 1984 disputavit
1066 1941 1115 1968 a:
1135 1927 1201 1983 (bz
1241 1927 1302 1982 A)
1344 1928 1412 1969 vel
1451 1929 1613 1984 potius,
1655 1941 1751 1969 cum

213 2009 488 2052 secundariae
520 2010 820 2053 enuntiationis
851 2015 886 2052 si
921 2035 973 2040 —
1013 2009 1147 2052 laedat
1176 2008 1382 2051 rationem
1413 2008 1610 2063 duxeris,
1641 2009 1751 2050 hanc

211 2090 390 2133 formam
428 2105 474 2132 a:
500 2091 612 2147 (blaz
643 2091 717 2148 A).

332 2171 489 2213 Verte:
528 2172 712 2229 „ofiefegm
743 2172 900 2229 jemunb
931 2171 1064 2217 mollte
1095 2171 1157 2216 bit
1189 2171 1302 2216 einen
1325 2170 1506 2216 &dunen
1538 2170 1747 2226 nerfuufen

213 2251 294 2297 unb
328 2251 463 2298 mfirbe
493 2252 532 2309 fo
564 2251 638 2297 mit
669 2252 732 2297 bit
762 2251 903 2298 tehen:
937 2276 987 2282 --
1023 2277 1077 2283 ——
1110 2269 1184 2298 —2
1215 2253 1255 2308 Ῑο
1286 2251 1422 2297 ωϋτῦε
1453 2264 1514 2305 et,
1548 2260 1664 2295 menn
1696 2251 1750 2295 hu

216 2333 277 2377 bie
309 2334 482 2379 &anime
511 2333 684 2390 gubiteft,
715 2332 814 2389 full}
845 2332 899 2377 im
930 2345 981 2377 un
1022 2333 1089 2377 ber
1120 2332 1259 2388 {31th
1296 2332 1429 2376 {einen
1466 2331 1620 2387 antnss
1651 2332 1749 2386 nub:

215 2414 322 2470 mestl
354 2428 452 2471 gaug
482 2413 748 2470 unhebenflid)
781 2413 856 2458 bus
888 2413 993 2458 (ὅεῐὶ)
1024 2414 1188 2470 ηεῇιηεῐι
1230 2415 1427 2468 ἳῦῐιῐιεη“;
1464 2413 1554 2455 sive
1592 2413 1745 2454 mavis:

290 2577 326 2620 ive)
351 2576 432 2618 Nisi
456 2577 548 2611 forte
574 2575 791 2611 omittendae
815 2574 1016 2620 particulae
1040 2578 1073 2609 si.
1098 2574 1274 2609 rationem
1298 2574 1480 2618 Madvigio
1513 2578 1663 2610 auctore
1698 2575 1750 2610 ita¹

353 2634 536 2677 explicare
562 2634 743 2678 malueris,
768 2638 809 2668 ut
833 2632 931 2667 dicas
956 2642 1028 2666 non
1053 2641 1132 2667 esse
1164 2633 1332 2667 omissam
1363 2632 1579 2676 particulam
1604 2636 1650 2676 si,
1687 2633 1751 2667 sed

353 2691 430 2735 ejus
468 2690 655 2735 ponendae
686 2701 831 2726 causam
872 2690 1053 2726 sublatam
1084 2690 1158 2725 alia
1195 2690 1364 2725 instituta
1404 2689 1580 2725 orationis
1622 2689 1748 2736 forma,

356 2759 429 2793 qua
453 2749 599 2793 quidem
623 2749 671 2794 id,
697 2749 795 2795 quod
819 2748 1039 2785 condicionis
1064 2748 1142 2783 loco
1168 2748 1226 2793 sit,
1251 2747 1408 2793 fingatur
1432 2758 1524 2783 esse.
