<?xml version="1.0" encoding="UTF-8"?>
<!DOCTYPE html PUBLIC "-//W3C//DTD XHTML 1.0 Transitional//EN"
    "http://www.w3.org/TR/xhtml1/DTD/xhtml1-transitional.dtd">
<html xmlns="http://www.w3.org/1999/xhtml" xml:lang="en" lang="en">
 <head>
  <title>
</title>
<meta http-equiv="Content-Type" content="text/html;charset=utf-8" />
  <meta name='ocr-system' content='tesseract 3.04.00' />
  <meta name='ocr-capabilities' content='ocr_page ocr_carea ocr_par ocr_line ocrx_word'/>
</head>
<body>
  <div class='ocr_page' id='page_1' title='image "4624633_0035.png"; bbox 0 0 1911 3160; ppageno 0'>
   <div class='ocr_carea' id='block_1_1' title="bbox 816 204 1102 251">
    <p class='ocr_par' dir='ltr' id='par_1_1' title="bbox 816 204 1102 251">
     <span class='ocr_line' id='line_1_1' title="bbox 816 204 1102 251; baseline 0 -12"><span class='ocrx_word' id='word_1_1' title='bbox 816 204 1102 251; x_wconf 35' lang='lat'>„⁶292</span> 
     </span>
    </p>
   </div>
   <div class='ocr_carea' id='block_1_2' title="bbox 193 329 1740 1841">
    <p class='ocr_par' dir='ltr' id='par_1_2' title="bbox 193 329 1740 1841">
     <span class='ocr_line' id='line_1_2' title="bbox 193 329 1731 392; baseline -0.005 -13"><span class='ocrx_word' id='word_1_2' title='bbox 193 334 247 379; x_wconf 91' lang='lat' dir='ltr'>ad</span> <span class='ocrx_word' id='word_1_3' title='bbox 293 336 533 392; x_wconf 85' lang='lat' dir='ltr'>subjectum</span> <span class='ocrx_word' id='word_1_4' title='bbox 578 334 788 377; x_wconf 83' lang='lat' dir='ltr'>infinitum</span> <span class='ocrx_word' id='word_1_5' title='bbox 829 336 1044 386; x_wconf 74' lang='lat' dir='ltr'>(disceris).</span> <span class='ocrx_word' id='word_1_6' title='bbox 1104 333 1303 389; x_wconf 89' lang='lat' dir='ltr'>Denique</span> <span class='ocrx_word' id='word_1_7' title='bbox 1341 331 1444 389; x_wconf 89' lang='lat' dir='ltr'>quid</span> <span class='ocrx_word' id='word_1_8' title='bbox 1483 330 1536 374; x_wconf 90' lang='lat' dir='ltr'>sit</span> <span class='ocrx_word' id='word_1_9' title='bbox 1575 330 1620 374; x_wconf 90' lang='lat' dir='ltr'>in</span> <span class='ocrx_word' id='word_1_10' title='bbox 1658 329 1731 373; x_wconf 89' lang='lat' dir='ltr'>illo</span> 
     </span>
     <span class='ocr_line' id='line_1_3' title="bbox 200 411 1730 471; baseline -0.003 -10"><span class='ocrx_word' id='word_1_11' title='bbox 200 418 400 461; x_wconf 91' lang='lat' dir='ltr'>orationis</span> <span class='ocrx_word' id='word_1_12' title='bbox 431 420 634 459; x_wconf 82' lang='lat' dir='ltr'>contextu</span> <span class='ocrx_word' id='word_1_13' title='bbox 663 414 879 458; x_wconf 86' lang='lat' dir='ltr'>vocabulis</span> <span class='ocrx_word' id='word_1_14' title='bbox 920 416 994 458; x_wconf 79' lang='lat' dir='ltr'>hoc</span> <span class='ocrx_word' id='word_1_15' title='bbox 1024 422 1131 457; x_wconf 82' lang='lat' dir='ltr'>amet</span> <span class='ocrx_word' id='word_1_16' title='bbox 1170 428 1235 468; x_wconf 76' lang='lat' dir='ltr'>„et</span> <span class='ocrx_word' id='word_1_17' title='bbox 1258 414 1388 471; x_wconf 66' lang='lat' dir='ltr'>miible</span> <span class='ocrx_word' id='word_1_18' title='bbox 1419 413 1541 469; x_wconf 64' lang='lat' dir='ltr'>biefess</span> <span class='ocrx_word' id='word_1_19' title='bbox 1572 411 1730 470; x_wconf 61' lang='lat' dir='ltr'>(Qssott)</span> 
     </span>
     <span class='ocr_line' id='line_1_4' title="bbox 198 494 1731 551; baseline -0.006 -7"><span class='ocrx_word' id='word_1_20' title='bbox 198 500 271 544; x_wconf 77' lang='lat' dir='ltr'>mit</span> <span class='ocrx_word' id='word_1_21' title='bbox 302 497 521 545; x_wconf 58' lang='lat' dir='ltr'>Qorliebeu</span> <span class='ocrx_word' id='word_1_22' title='bbox 558 496 859 551; x_wconf 84' lang='lat' dir='ltr'>significatum,</span> <span class='ocrx_word' id='word_1_23' title='bbox 890 496 1105 537; x_wconf 88' lang='lat' dir='ltr'>intellectu</span> <span class='ocrx_word' id='word_1_24' title='bbox 1136 496 1305 536; x_wconf 86' lang='lat' dir='ltr'>difficile</span> <span class='ocrx_word' id='word_1_25' title='bbox 1343 500 1419 537; x_wconf 86' lang='lat' dir='ltr'>est.</span> <span class='ocrx_word' id='word_1_26' title='bbox 1480 495 1637 549; x_wconf 81' lang='lat' dir='ltr'><strong>Agitur</strong></span> <span class='ocrx_word' id='word_1_27' title='bbox 1678 494 1731 535; x_wconf 91' lang='lat' dir='ltr'>de</span> 
     </span>
     <span class='ocr_line' id='line_1_5' title="bbox 196 574 1730 633; baseline -0.005 -11"><span class='ocrx_word' id='word_1_28' title='bbox 196 580 338 623; x_wconf 88' lang='lat' dir='ltr'>verbis</span> <span class='ocrx_word' id='word_1_29' title='bbox 372 577 586 620; x_wconf 77' lang='lat' dir='ltr'>serendis:</span> <span class='ocrx_word' id='word_1_30' title='bbox 618 591 721 618; x_wconf 91' lang='lat' dir='ltr'>num</span> <span class='ocrx_word' id='word_1_31' title='bbox 750 579 890 633; x_wconf 88' lang='lat' dir='ltr'>potest</span> <span class='ocrx_word' id='word_1_32' title='bbox 920 589 976 616; x_wconf 80' lang='lat' dir='ltr'>ex</span> <span class='ocrx_word' id='word_1_33' title='bbox 1005 576 1184 630; x_wconf 87' lang='lat' dir='ltr'>alicujus</span> <span class='ocrx_word' id='word_1_34' title='bbox 1215 575 1410 617; x_wconf 81' lang='lat' dir='ltr'>vocabuli</span> <span class='ocrx_word' id='word_1_35' title='bbox 1442 575 1574 616; x_wconf 89' lang='lat' dir='ltr'>semel</span> <span class='ocrx_word' id='word_1_36' title='bbox 1604 574 1730 631; x_wconf 88' lang='lat' dir='ltr'>positi</span> 
     </span>
     <span class='ocr_line' id='line_1_6' title="bbox 202 654 1734 714; baseline -0.003 -13"><span class='ocrx_word' id='word_1_37' title='bbox 202 674 284 701; x_wconf 89' lang='lat' dir='ltr'>usu</span> <span class='ocrx_word' id='word_1_38' title='bbox 320 658 516 713; x_wconf 80' lang='lat' dir='ltr'>cognosci</span> <span class='ocrx_word' id='word_1_39' title='bbox 546 662 714 714; x_wconf 86' lang='lat' dir='ltr'>praeter</span> <span class='ocrx_word' id='word_1_40' title='bbox 745 660 885 697; x_wconf 87' lang='lat' dir='ltr'>cetera</span> <span class='ocrx_word' id='word_1_41' title='bbox 913 655 1018 696; x_wconf 87' lang='lat' dir='ltr'>illud</span> <span class='ocrx_word' id='word_1_42' title='bbox 1051 669 1142 696; x_wconf 87' lang='lat' dir='ltr'>esse</span> <span class='ocrx_word' id='word_1_43' title='bbox 1173 669 1199 696; x_wconf 90' lang='lat' dir='ltr'>a</span> <span class='ocrx_word' id='word_1_44' title='bbox 1228 659 1354 712; x_wconf 89' lang='lat' dir='ltr'>poeta</span> <span class='ocrx_word' id='word_1_45' title='bbox 1390 655 1606 696; x_wconf 81' lang='lat' dir='ltr'>amatum?</span> <span class='ocrx_word' id='word_1_46' title='bbox 1666 654 1734 696; x_wconf 93' lang='lat' dir='ltr'>De</span> 
     </span>
     <span class='ocr_line' id='line_1_7' title="bbox 197 735 1735 796; baseline -0.004 -15"><span class='ocrx_word' id='word_1_47' title='bbox 197 741 377 796; x_wconf 87' lang='lat' dir='ltr'>repetito</span> <span class='ocrx_word' id='word_1_48' title='bbox 408 739 567 780; x_wconf 87' lang='lat' dir='ltr'>scilicet</span> <span class='ocrx_word' id='word_1_49' title='bbox 596 751 680 779; x_wconf 90' lang='lat' dir='ltr'>uno</span> <span class='ocrx_word' id='word_1_50' title='bbox 712 737 945 791; x_wconf 88' lang='lat' dir='ltr'>eodemque</span> <span class='ocrx_word' id='word_1_51' title='bbox 975 735 1105 776; x_wconf 90' lang='lat' dir='ltr'>verbo</span> <span class='ocrx_word' id='word_1_52' title='bbox 1148 749 1201 776; x_wconf 94' lang='lat' dir='ltr'>ne</span> <span class='ocrx_word' id='word_1_53' title='bbox 1242 736 1418 790; x_wconf 86' lang='lat' dir='ltr'>cogitari</span> <span class='ocrx_word' id='word_1_54' title='bbox 1460 735 1632 791; x_wconf 91' lang='lat' dir='ltr'>quidem</span> <span class='ocrx_word' id='word_1_55' title='bbox 1662 749 1735 791; x_wconf 93' lang='lat' dir='ltr'>po-</span> 
     </span>
     <span class='ocr_line' id='line_1_8' title="bbox 198 816 1735 871; baseline -0.004 -9"><span class='ocrx_word' id='word_1_56' title='bbox 198 825 293 862; x_wconf 87' lang='lat' dir='ltr'>test.</span> <span class='ocrx_word' id='word_1_57' title='bbox 354 820 414 861; x_wconf 90' lang='lat' dir='ltr'>At</span> <span class='ocrx_word' id='word_1_58' title='bbox 446 819 585 860; x_wconf 87' lang='lat' dir='ltr'>omnia</span> <span class='ocrx_word' id='word_1_59' title='bbox 616 818 848 860; x_wconf 87' lang='lat' dir='ltr'>rectissime</span> <span class='ocrx_word' id='word_1_60' title='bbox 886 821 1009 858; x_wconf 87' lang='lat' dir='ltr'>erunt</span> <span class='ocrx_word' id='word_1_61' title='bbox 1048 830 1247 857; x_wconf 89' lang='lat' dir='ltr'>versuum</span> <span class='ocrx_word' id='word_1_62' title='bbox 1290 816 1457 869; x_wconf 81' lang='lat' dir='ltr'>ordine,</span> <span class='ocrx_word' id='word_1_63' title='bbox 1498 830 1626 871; x_wconf 89' lang='lat' dir='ltr'>quem</span> <span class='ocrx_word' id='word_1_64' title='bbox 1666 829 1735 857; x_wconf 91' lang='lat' dir='ltr'>co-</span> 
     </span>
     <span class='ocr_line' id='line_1_9' title="bbox 199 897 1735 954; baseline -0.003 -12"><span class='ocrx_word' id='word_1_65' title='bbox 199 901 314 942; x_wconf 86' lang='lat' dir='ltr'>dices</span> <span class='ocrx_word' id='word_1_66' title='bbox 347 900 562 954; x_wconf 80' lang='lat' dir='ltr'>exhibent,</span> <span class='ocrx_word' id='word_1_67' title='bbox 594 914 679 940; x_wconf 89' lang='lat' dir='ltr'>non</span> <span class='ocrx_word' id='word_1_68' title='bbox 712 902 975 954; x_wconf 86' lang='lat' dir='ltr'>attemptato.</span> <span class='ocrx_word' id='word_1_69' title='bbox 1036 898 1134 938; x_wconf 87' lang='lat' dir='ltr'>Non</span> <span class='ocrx_word' id='word_1_70' title='bbox 1164 897 1300 938; x_wconf 86' lang='lat' dir='ltr'>dicam</span> <span class='ocrx_word' id='word_1_71' title='bbox 1343 898 1395 938; x_wconf 91' lang='lat' dir='ltr'>de</span> <span class='ocrx_word' id='word_1_72' title='bbox 1431 897 1635 952; x_wconf 87' lang='lat' dir='ltr'>subjectis</span> <span class='ocrx_word' id='word_1_73' title='bbox 1679 897 1735 938; x_wconf 91' lang='lat' dir='ltr'>ad</span> 
     </span>
     <span class='ocr_line' id='line_1_10' title="bbox 205 978 1730 1037; baseline -0.002 -14"><span class='ocrx_word' id='word_1_74' title='bbox 205 987 429 1037; x_wconf 87' lang='lat' dir='ltr'>utramque</span> <span class='ocrx_word' id='word_1_75' title='bbox 459 985 623 1037; x_wconf 86' lang='lat' dir='ltr'>partem</span> <span class='ocrx_word' id='word_1_76' title='bbox 654 979 991 1021; x_wconf 79' lang='lat' dir='ltr'>accommodatis.</span> <span class='ocrx_word' id='word_1_77' title='bbox 1053 978 1263 1032; x_wconf 86' lang='lat' dir='ltr'>Loquitur</span> <span class='ocrx_word' id='word_1_78' title='bbox 1291 982 1417 1034; x_wconf 85' lang='lat' dir='ltr'>poeta</span> <span class='ocrx_word' id='word_1_79' title='bbox 1448 979 1631 1034; x_wconf 90' lang='lat' dir='ltr'>primum</span> <span class='ocrx_word' id='word_1_80' title='bbox 1677 979 1730 1020; x_wconf 89' lang='lat' dir='ltr'>de</span> 
     </span>
     <span class='ocr_line' id='line_1_11' title="bbox 202 1058 1733 1114; baseline -0.002 -11"><span class='ocrx_word' id='word_1_81' title='bbox 202 1062 359 1103; x_wconf 83' lang='lat' dir='ltr'>ordinis</span> <span class='ocrx_word' id='word_1_82' title='bbox 391 1062 547 1102; x_wconf 89' lang='lat' dir='ltr'>virtute</span> <span class='ocrx_word' id='word_1_83' title='bbox 580 1065 621 1101; x_wconf 88' lang='lat' dir='ltr'>et</span> <span class='ocrx_word' id='word_1_84' title='bbox 651 1074 804 1102; x_wconf 87' lang='lat' dir='ltr'>venere</span> <span class='ocrx_word' id='word_1_85' title='bbox 835 1060 876 1100; x_wconf 90' lang='lat' dir='ltr'>h.</span> <span class='ocrx_word' id='word_1_86' title='bbox 909 1073 945 1100; x_wconf 87' lang='lat' dir='ltr'>e.</span> <span class='ocrx_word' id='word_1_87' title='bbox 978 1058 1030 1099; x_wconf 89' lang='lat' dir='ltr'>de</span> <span class='ocrx_word' id='word_1_88' title='bbox 1063 1059 1280 1099; x_wconf 81' lang='lat' dir='ltr'>sententiis</span> <span class='ocrx_word' id='word_1_89' title='bbox 1311 1059 1520 1112; x_wconf 87' lang='lat' dir='ltr'>serendis,</span> <span class='ocrx_word' id='word_1_90' title='bbox 1554 1073 1733 1114; x_wconf 88' lang='lat' dir='ltr'>quarum</span> 
     </span>
     <span class='ocr_line' id='line_1_12' title="bbox 203 1138 1734 1194; baseline -0.002 -10"><span class='ocrx_word' id='word_1_91' title='bbox 203 1144 336 1185; x_wconf 86' lang='lat' dir='ltr'>virtus</span> <span class='ocrx_word' id='word_1_92' title='bbox 379 1142 422 1182; x_wconf 90' lang='lat' dir='ltr'>in</span> <span class='ocrx_word' id='word_1_93' title='bbox 465 1154 514 1182; x_wconf 91' lang='lat' dir='ltr'>eo</span> <span class='ocrx_word' id='word_1_94' title='bbox 557 1141 759 1193; x_wconf 86' lang='lat' dir='ltr'>cernitur,</span> <span class='ocrx_word' id='word_1_95' title='bbox 802 1143 849 1180; x_wconf 91' lang='lat' dir='ltr'>ut</span> <span class='ocrx_word' id='word_1_96' title='bbox 889 1142 1035 1180; x_wconf 82' lang='lat' dir='ltr'>auctor</span> <span class='ocrx_word' id='word_1_97' title='bbox 1071 1138 1161 1192; x_wconf 77' lang='lat' dir='ltr'>jam</span> <span class='ocrx_word' id='word_1_98' title='bbox 1200 1152 1312 1179; x_wconf 93' lang='lat' dir='ltr'>nunc</span> <span class='ocrx_word' id='word_1_99' title='bbox 1351 1138 1463 1180; x_wconf 89' lang='lat' dir='ltr'>dicat</span> <span class='ocrx_word' id='word_1_100' title='bbox 1496 1140 1586 1194; x_wconf 88' lang='lat' dir='ltr'>jam</span> <span class='ocrx_word' id='word_1_101' title='bbox 1624 1153 1734 1181; x_wconf 92' lang='lat' dir='ltr'>nunc</span> 
     </span>
     <span class='ocr_line' id='line_1_13' title="bbox 203 1220 1737 1278; baseline -0.001 -15"><span class='ocrx_word' id='word_1_102' title='bbox 203 1223 403 1263; x_wconf 88' lang='lat' dir='ltr'>debentia</span> <span class='ocrx_word' id='word_1_103' title='bbox 435 1222 530 1275; x_wconf 92' lang='lat' dir='ltr'>dici,</span> <span class='ocrx_word' id='word_1_104' title='bbox 561 1223 763 1278; x_wconf 80' lang='lat' dir='ltr'>pleraque</span> <span class='ocrx_word' id='word_1_105' title='bbox 795 1220 961 1260; x_wconf 87' lang='lat' dir='ltr'>differat</span> <span class='ocrx_word' id='word_1_106' title='bbox 992 1224 1033 1260; x_wconf 91' lang='lat' dir='ltr'>et</span> <span class='ocrx_word' id='word_1_107' title='bbox 1063 1233 1263 1274; x_wconf 82' lang='lat' dir='ltr'>praesens</span> <span class='ocrx_word' id='word_1_108' title='bbox 1294 1220 1337 1259; x_wconf 93' lang='lat' dir='ltr'>in</span> <span class='ocrx_word' id='word_1_109' title='bbox 1374 1224 1542 1275; x_wconf 85' lang='lat' dir='ltr'>tempus</span> <span class='ocrx_word' id='word_1_110' title='bbox 1572 1221 1737 1262; x_wconf 83' lang='lat' dir='ltr'>omittat</span> 
     </span>
     <span class='ocr_line' id='line_1_14' title="bbox 198 1300 1730 1359; baseline -0.001 -13"><span class='ocrx_word' id='word_1_111' title='bbox 198 1303 453 1359; x_wconf 49' lang='lat' dir='ltr'>(lmorIdufig</span> <span class='ocrx_word' id='word_1_112' title='bbox 478 1302 539 1345; x_wconf 82' lang='lat' dir='ltr'>bei</span> <span class='ocrx_word' id='word_1_113' title='bbox 560 1302 677 1346; x_wconf 59' lang='lat' dir='ltr'>&amp;este</span> <span class='ocrx_word' id='word_1_114' title='bbox 694 1301 848 1357; x_wconf 59' lang='lat' dir='ltr'>1653ng</span> <span class='ocrx_word' id='word_1_115' title='bbox 880 1314 1013 1341; x_wconf 84' lang='lat' dir='ltr'>venus</span> <span class='ocrx_word' id='word_1_116' title='bbox 1042 1300 1086 1340; x_wconf 92' lang='lat' dir='ltr'>in</span> <span class='ocrx_word' id='word_1_117' title='bbox 1108 1313 1171 1352; x_wconf 84' lang='lat' dir='ltr'>eo,</span> <span class='ocrx_word' id='word_1_118' title='bbox 1197 1304 1244 1340; x_wconf 85' lang='lat' dir='ltr'>ut</span> <span class='ocrx_word' id='word_1_119' title='bbox 1267 1301 1340 1341; x_wconf 84' lang='lat' dir='ltr'>hoc</span> <span class='ocrx_word' id='word_1_120' title='bbox 1363 1300 1484 1356; x_wconf 79' lang='lat' dir='ltr'>(„ben</span> <span class='ocrx_word' id='word_1_121' title='bbox 1510 1300 1623 1344; x_wconf 80' lang='lat' dir='ltr'>einen</span> <span class='ocrx_word' id='word_1_122' title='bbox 1649 1300 1730 1345; x_wconf 56' lang='grc' dir='ltr'>Θεε</span> 
     </span>
     <span class='ocr_line' id='line_1_15' title="bbox 209 1379 1740 1436; baseline -0.004 -9"><span class='ocrx_word' id='word_1_123' title='bbox 209 1383 400 1435; x_wconf 76' lang='lat' dir='ltr'>bunfen“)</span> <span class='ocrx_word' id='word_1_124' title='bbox 432 1391 532 1424; x_wconf 79' lang='lat' dir='ltr'>amec</span> <span class='ocrx_word' id='word_1_125' title='bbox 572 1382 613 1423; x_wconf 91' lang='lat' dir='ltr'>h.</span> <span class='ocrx_word' id='word_1_126' title='bbox 653 1396 688 1423; x_wconf 92' lang='lat' dir='ltr'>e.</span> <span class='ocrx_word' id='word_1_127' title='bbox 729 1380 915 1422; x_wconf 87' lang='lat' dir='ltr'>studiose</span> <span class='ocrx_word' id='word_1_128' title='bbox 956 1379 1213 1435; x_wconf 82' lang='lat' dir='ltr'>uberiusque</span> <span class='ocrx_word' id='word_1_129' title='bbox 1245 1381 1422 1422; x_wconf 83' lang='lat' dir='ltr'>dicendo</span> <span class='ocrx_word' id='word_1_130' title='bbox 1459 1384 1740 1436; x_wconf 88' lang='lat' dir='ltr'>prosequatur</span> 
     </span>
     <span class='ocr_line' id='line_1_16' title="bbox 200 1460 1732 1519; baseline -0.003 -12"><span class='ocrx_word' id='word_1_131' title='bbox 200 1464 319 1519; x_wconf 79' lang='lat' dir='ltr'>(„mit</span> <span class='ocrx_word' id='word_1_132' title='bbox 359 1463 474 1507; x_wconf 65' lang='lat' dir='ltr'>Eicbe</span> <span class='ocrx_word' id='word_1_133' title='bbox 506 1462 713 1519; x_wconf 53' lang='lat' dir='ltr'>&amp;baubat</span> <span class='ocrx_word' id='word_1_134' title='bbox 756 1462 835 1506; x_wconf 79' lang='lat' dir='ltr'>nub</span> <span class='ocrx_word' id='word_1_135' title='bbox 882 1460 1180 1516; x_wconf 69' lang='lat' dir='ltr'>b11rc1)†ist)rt¹¹),</span> <span class='ocrx_word' id='word_1_136' title='bbox 1232 1461 1311 1502; x_wconf 87' lang='lat' dir='ltr'>hoc</span> <span class='ocrx_word' id='word_1_137' title='bbox 1356 1466 1526 1517; x_wconf 82' lang='lat' dir='ltr'>spernat</span> <span class='ocrx_word' id='word_1_138' title='bbox 1569 1462 1732 1514; x_wconf 76' lang='lat' dir='ltr'>(„ei11en</span> 
     </span>
     <span class='ocr_line' id='line_1_17' title="bbox 202 1541 1736 1600; baseline -0.001 -13"><span class='ocrx_word' id='word_1_139' title='bbox 202 1545 352 1588; x_wconf 75' lang='lat' dir='ltr'>unbem</span> <span class='ocrx_word' id='word_1_140' title='bbox 385 1557 483 1600; x_wconf 60' lang='lat' dir='ltr'>gang</span> <span class='ocrx_word' id='word_1_141' title='bbox 514 1542 760 1599; x_wconf 70' lang='lat' dir='ltr'>nermirft‘¹),</span> <span class='ocrx_word' id='word_1_142' title='bbox 804 1556 857 1584; x_wconf 90' lang='lat' dir='ltr'>ne</span> <span class='ocrx_word' id='word_1_143' title='bbox 899 1541 1000 1598; x_wconf 90' lang='lat' dir='ltr'>quid</span> <span class='ocrx_word' id='word_1_144' title='bbox 1044 1541 1096 1582; x_wconf 92' lang='lat' dir='ltr'>de</span> <span class='ocrx_word' id='word_1_145' title='bbox 1136 1542 1215 1595; x_wconf 91' lang='lat' dir='ltr'>rei,</span> <span class='ocrx_word' id='word_1_146' title='bbox 1255 1556 1364 1598; x_wconf 83' lang='lat' dir='ltr'>quae</span> <span class='ocrx_word' id='word_1_147' title='bbox 1405 1547 1469 1584; x_wconf 85' lang='lat' dir='ltr'>est</span> <span class='ocrx_word' id='word_1_148' title='bbox 1507 1543 1736 1600; x_wconf 86' lang='lat' dir='ltr'>proposita,</span> 
     </span>
     <span class='ocr_line' id='line_1_18' title="bbox 204 1623 1735 1678; baseline -0.001 -13"><span class='ocrx_word' id='word_1_149' title='bbox 204 1629 277 1665; x_wconf 89' lang='lat' dir='ltr'>aut</span> <span class='ocrx_word' id='word_1_150' title='bbox 318 1625 526 1678; x_wconf 83' lang='lat' dir='ltr'>gravitate</span> <span class='ocrx_word' id='word_1_151' title='bbox 565 1627 650 1664; x_wconf 88' lang='lat' dir='ltr'>aut.</span> <span class='ocrx_word' id='word_1_152' title='bbox 670 1624 883 1677; x_wconf 82' lang='lat' dir='ltr'>elegantia</span> <span class='ocrx_word' id='word_1_153' title='bbox 912 1623 1174 1678; x_wconf 86' lang='lat' dir='ltr'>decerpatur.</span> <span class='ocrx_word' id='word_1_154' title='bbox 1237 1623 1403 1664; x_wconf 83' lang='lat' dir='ltr'>Deinde</span> <span class='ocrx_word' id='word_1_155' title='bbox 1440 1625 1649 1664; x_wconf 87' lang='lat' dir='ltr'>transiens</span> <span class='ocrx_word' id='word_1_156' title='bbox 1680 1623 1735 1664; x_wconf 86' lang='lat' dir='ltr'>ad</span> 
     </span>
     <span class='ocr_line' id='line_1_19' title="bbox 208 1703 1737 1758; baseline 0 -12"><span class='ocrx_word' id='word_1_157' title='bbox 208 1705 449 1746; x_wconf 80' lang='lat' dir='ltr'>facundiam</span> <span class='ocrx_word' id='word_1_158' title='bbox 490 1705 542 1745; x_wconf 93' lang='lat' dir='ltr'>de</span> <span class='ocrx_word' id='word_1_159' title='bbox 588 1703 727 1745; x_wconf 84' lang='lat' dir='ltr'>verbis</span> <span class='ocrx_word' id='word_1_160' title='bbox 779 1704 966 1745; x_wconf 87' lang='lat' dir='ltr'>serendis</span> <span class='ocrx_word' id='word_1_161' title='bbox 1014 1704 1200 1758; x_wconf 89' lang='lat' dir='ltr'>loquitur</span> <span class='ocrx_word' id='word_1_162' title='bbox 1237 1704 1278 1744; x_wconf 94' lang='lat' dir='ltr'>h.</span> <span class='ocrx_word' id='word_1_163' title='bbox 1312 1718 1346 1744; x_wconf 92' lang='lat' dir='ltr'>e.</span> <span class='ocrx_word' id='word_1_164' title='bbox 1387 1705 1438 1745; x_wconf 92' lang='lat' dir='ltr'>de</span> <span class='ocrx_word' id='word_1_165' title='bbox 1485 1706 1737 1746; x_wconf 87' lang='lat' dir='ltr'>usitatarum</span> 
     </span>
     <span class='ocr_line' id='line_1_20' title="bbox 207 1784 1128 1841; baseline -0.003 -14"><span class='ocrx_word' id='word_1_166' title='bbox 207 1799 361 1829; x_wconf 89' lang='lat' dir='ltr'>vocum</span> <span class='ocrx_word' id='word_1_167' title='bbox 388 1786 588 1841; x_wconf 84' lang='lat' dir='ltr'>junctura</span> <span class='ocrx_word' id='word_1_168' title='bbox 627 1797 918 1839; x_wconf 86' lang='lat' dir='ltr'>novarumque</span> <span class='ocrx_word' id='word_1_169' title='bbox 947 1784 1128 1825; x_wconf 88' lang='lat' dir='ltr'>fictione.</span> 
     </span>
    </p>
   </div>
   <div class='ocr_carea' id='block_1_3' title="bbox 386 2049 1552 2249">
    <p class='ocr_par' dir='ltr' id='par_1_3' title="bbox 386 2049 1552 2249">
     <span class='ocr_line' id='line_1_21' title="bbox 759 2049 1191 2106; baseline 0.002 -15"><span class='ocrx_word' id='word_1_170' title='bbox 759 2049 895 2106; x_wconf 87' lang='lat' dir='ltr'>Epist.</span> <span class='ocrx_word' id='word_1_171' title='bbox 927 2049 986 2103; x_wconf 88' lang='lat' dir='ltr'>II,</span> <span class='ocrx_word' id='word_1_172' title='bbox 1018 2054 1059 2103; x_wconf 83' lang='lat'>3,</span> <span class='ocrx_word' id='word_1_173' title='bbox 1096 2053 1191 2093; x_wconf 83' lang='lat'>120.</span> 
     </span>
     <span class='ocr_line' id='line_1_22' title="bbox 386 2177 1552 2249; baseline 0 -28"><span class='ocrx_word' id='word_1_174' title='bbox 386 2179 584 2235; x_wconf 76' lang='lat' dir='ltr'>scriptor</span> <span class='ocrx_word' id='word_1_175' title='bbox 614 2178 872 2249; x_wconf 77' lang='lat' dir='ltr'>honoratum</span> <span class='ocrx_word' id='word_1_176' title='bbox 903 2178 941 2220; x_wconf 87' lang='lat' dir='ltr'>si</span> <span class='ocrx_word' id='word_1_177' title='bbox 971 2178 1086 2221; x_wconf 83' lang='lat' dir='ltr'>forte</span> <span class='ocrx_word' id='word_1_178' title='bbox 1118 2178 1293 2235; x_wconf 83' lang='lat' dir='ltr'>reponis</span> <span class='ocrx_word' id='word_1_179' title='bbox 1323 2177 1552 2221; x_wconf 86' lang='lat' dir='ltr'>Achillem.</span> 
     </span>
    </p>
   </div>
   <div class='ocr_carea' id='block_1_4' title="bbox 203 2302 1735 2605">
    <p class='ocr_par' dir='ltr' id='par_1_4' title="bbox 203 2302 1735 2605">
     <span class='ocr_line' id='line_1_23' title="bbox 317 2302 1734 2362; baseline 0.001 -17"><span class='ocrx_word' id='word_1_180' title='bbox 317 2304 387 2345; x_wconf 86' lang='lat' dir='ltr'>Ex</span> <span class='ocrx_word' id='word_1_181' title='bbox 418 2318 501 2360; x_wconf 89' lang='lat' dir='ltr'>quo</span> <span class='ocrx_word' id='word_1_182' title='bbox 531 2306 576 2345; x_wconf 89' lang='lat' dir='ltr'>in</span> <span class='ocrx_word' id='word_1_183' title='bbox 608 2302 809 2345; x_wconf 88' lang='lat' dir='ltr'>vocabulo</span> <span class='ocrx_word' id='word_1_184' title='bbox 851 2304 1074 2345; x_wconf 81' lang='lat' dir='ltr'>honoratus</span> <span class='ocrx_word' id='word_1_185' title='bbox 1114 2304 1205 2345; x_wconf 91' lang='lat' dir='ltr'>loco</span> <span class='ocrx_word' id='word_1_186' title='bbox 1244 2306 1316 2346; x_wconf 89' lang='lat' dir='ltr'>illo</span> <span class='ocrx_word' id='word_1_187' title='bbox 1348 2305 1626 2347; x_wconf 82' lang='lat' dir='ltr'>Oiceroniano</span> <span class='ocrx_word' id='word_1_188' title='bbox 1662 2305 1734 2362; x_wconf 88' lang='lat' dir='ltr'>(de</span> 
     </span>
     <span class='ocr_line' id='line_1_24' title="bbox 203 2384 1731 2442; baseline 0.002 -15"><span class='ocrx_word' id='word_1_189' title='bbox 203 2385 287 2428; x_wconf 87' lang='lat' dir='ltr'>div.</span> <span class='ocrx_word' id='word_1_190' title='bbox 319 2385 355 2439; x_wconf 89' lang='lat' dir='ltr'>I,</span> <span class='ocrx_word' id='word_1_191' title='bbox 379 2388 449 2440; x_wconf 82' lang='lat'>40,</span> <span class='ocrx_word' id='word_1_192' title='bbox 473 2387 526 2430; x_wconf 82' lang='lat'>88</span> <span class='ocrx_word' id='word_1_193' title='bbox 557 2384 864 2442; x_wconf 88' lang='lat' dir='ltr'>Amphiaraum</span> <span class='ocrx_word' id='word_1_194' title='bbox 894 2385 954 2427; x_wconf 89' lang='lat' dir='ltr'>sic</span> <span class='ocrx_word' id='word_1_195' title='bbox 983 2385 1204 2428; x_wconf 88' lang='lat' dir='ltr'>honoravit</span> <span class='ocrx_word' id='word_1_196' title='bbox 1239 2386 1354 2429; x_wconf 90' lang='lat' dir='ltr'>fama</span> <span class='ocrx_word' id='word_1_197' title='bbox 1370 2387 1592 2442; x_wconf 83' lang='lat' dir='ltr'>Graeciae,</span> <span class='ocrx_word' id='word_1_198' title='bbox 1625 2387 1731 2430; x_wconf 90' lang='lat' dir='ltr'>deus</span> 
     </span>
     <span class='ocr_line' id='line_1_25' title="bbox 205 2466 1733 2525; baseline 0.001 -18"><span class='ocrx_word' id='word_1_199' title='bbox 205 2470 253 2507; x_wconf 92' lang='lat' dir='ltr'>ut</span> <span class='ocrx_word' id='word_1_200' title='bbox 283 2466 527 2521; x_wconf 89' lang='lat' dir='ltr'>haberetur)</span> <span class='ocrx_word' id='word_1_201' title='bbox 560 2467 686 2507; x_wconf 88' lang='lat' dir='ltr'>allato</span> <span class='ocrx_word' id='word_1_202' title='bbox 717 2466 841 2507; x_wconf 89' lang='lat' dir='ltr'>simul</span> <span class='ocrx_word' id='word_1_203' title='bbox 871 2466 1042 2508; x_wconf 88' lang='lat' dir='ltr'>auditur</span> <span class='ocrx_word' id='word_1_204' title='bbox 1073 2467 1284 2510; x_wconf 88' lang='lat' dir='ltr'>ablativus</span> <span class='ocrx_word' id='word_1_205' title='bbox 1311 2470 1444 2525; x_wconf 83' lang='lat' dir='ltr'>fama,</span> <span class='ocrx_word' id='word_1_206' title='bbox 1484 2473 1531 2510; x_wconf 91' lang='lat' dir='ltr'>ut</span> <span class='ocrx_word' id='word_1_207' title='bbox 1562 2469 1616 2509; x_wconf 90' lang='lat' dir='ltr'>sit</span> <span class='ocrx_word' id='word_1_208' title='bbox 1657 2482 1733 2509; x_wconf 93' lang='lat' dir='ltr'>no-</span> 
     </span>
     <span class='ocr_line' id='line_1_26' title="bbox 209 2546 1735 2605; baseline 0.003 -18"><span class='ocrx_word' id='word_1_209' title='bbox 209 2551 346 2588; x_wconf 89' lang='lat' dir='ltr'>strum</span> <span class='ocrx_word' id='word_1_210' title='bbox 381 2546 720 2604; x_wconf 56' lang='lat' dir='ltr'>„fugenberiime</span> <span class='ocrx_word' id='word_1_211' title='bbox 753 2547 955 2604; x_wconf 59' lang='lat' dir='ltr'>gefeierfl‘,</span> <span class='ocrx_word' id='word_1_212' title='bbox 986 2563 1072 2591; x_wconf 89' lang='lat' dir='ltr'>non</span> <span class='ocrx_word' id='word_1_213' title='bbox 1089 2550 1180 2604; x_wconf 87' lang='lat' dir='ltr'>jam</span> <span class='ocrx_word' id='word_1_214' title='bbox 1200 2550 1327 2591; x_wconf 88' lang='lat' dir='ltr'>debet</span> <span class='ocrx_word' id='word_1_215' title='bbox 1357 2550 1518 2605; x_wconf 89' lang='lat' dir='ltr'>quaeri,</span> <span class='ocrx_word' id='word_1_216' title='bbox 1550 2564 1651 2591; x_wconf 89' lang='lat' dir='ltr'>num</span> <span class='ocrx_word' id='word_1_217' title='bbox 1684 2564 1735 2592; x_wconf 90' lang='lat' dir='ltr'>eo</span> 
     </span>
    </p>
   </div>
   <div class='ocr_carea' id='block_1_5' title="bbox 204 2626 1738 2767">
    <p class='ocr_par' dir='ltr' id='par_1_5' title="bbox 204 2626 1738 2767">
     <span class='ocr_line' id='line_1_27' title="bbox 205 2626 1738 2686; baseline 0.003 -18"><span class='ocrx_word' id='word_1_218' title='bbox 205 2627 378 2668; x_wconf 91' lang='lat' dir='ltr'>nomine</span> <span class='ocrx_word' id='word_1_219' title='bbox 408 2626 598 2670; x_wconf 88' lang='lat' dir='ltr'>Achilles</span> <span class='ocrx_word' id='word_1_220' title='bbox 628 2628 784 2670; x_wconf 91' lang='lat' dir='ltr'>idcirco</span> <span class='ocrx_word' id='word_1_221' title='bbox 814 2632 1001 2684; x_wconf 88' lang='lat' dir='ltr'>ornetur,</span> <span class='ocrx_word' id='word_1_222' title='bbox 1033 2630 1132 2686; x_wconf 89' lang='lat' dir='ltr'>quia</span> <span class='ocrx_word' id='word_1_223' title='bbox 1164 2630 1355 2672; x_wconf 85' lang='lat' dir='ltr'>Thetidis</span> <span class='ocrx_word' id='word_1_224' title='bbox 1385 2634 1537 2686; x_wconf 85' lang='lat' dir='ltr'>rogatu</span> <span class='ocrx_word' id='word_1_225' title='bbox 1567 2644 1594 2672; x_wconf 90' lang='lat' dir='ltr'>a</span> <span class='ocrx_word' id='word_1_226' title='bbox 1628 2629 1738 2673; x_wconf 87' lang='lat' dir='ltr'>Jove</span> 
     </span>
     <span class='ocr_line' id='line_1_28' title="bbox 204 2709 925 2767; baseline 0.001 -17"><span class='ocrx_word' id='word_1_227' title='bbox 204 2710 258 2750; x_wconf 88' lang='lat' dir='ltr'>sit</span> <span class='ocrx_word' id='word_1_228' title='bbox 287 2709 517 2750; x_wconf 89' lang='lat' dir='ltr'>honoratus</span> <span class='ocrx_word' id='word_1_229' title='bbox 549 2710 697 2764; x_wconf 89' lang='lat' dir='ltr'>(Hom.</span> <span class='ocrx_word' id='word_1_230' title='bbox 729 2709 778 2751; x_wconf 89' lang='lat' dir='ltr'><em>A</em></span> <span class='ocrx_word' id='word_1_231' title='bbox 808 2710 925 2767; x_wconf 82' lang='lat'>505).</span> 
     </span>
    </p>
   </div>
  </div>
 </body>
</html>
