1911 3160
816 238 1096 278 „-10..

180 358 266 400 Sat.
288 359 324 413 1,
350 363 389 414 3,
417 363 497 403 113
530 361 623 403 Nee
653 365 805 403 natura
836 367 974 417 potest
1000 364 1117 418 justo
1149 379 1368 408 secernere
1399 366 1603 422 iniquum,

518 441 683 483 Dividit
714 445 761 482 ut
792 442 903 484 bona
936 442 1126 497 diversis,
1158 444 1362 499 fugienda
1393 447 1606 503 petendis;

519 522 612 563 Nec
628 524 769 564 vincet
786 524 889 564 ratio
906 524 996 575 hoe,
1016 525 1266 566 tantundem
1281 531 1328 567 ut
1346 533 1494 583 peeeet
1513 529 1723 584 idemque,

519 603 603 652 Qui
635 607 712 646 ete.

179 682 315 737 Epist.
333 684 417 736 1,7‚
441 687 495 726 35
520 683 611 724 Nee
643 697 834 724 somnum
868 684 1003 739 plebis
1033 685 1161 726 laudo
1198 689 1315 726 satur
1352 688 1555 741 altilium,
1587 703 1666 730 neo

523 764 623 806 Otia
653 763 810 805 divitiis
842 763 1035 806 Arabum
1066 766 1282 808 liberrima
1313 772 1442 810 muto.

180 843 314 899 Epist.
330 844 390 897 11,
412 846 549 898 1‚264
612 879 621 887 .
684 876 693 885 .
757 877 765 885 .
828 859 878 885 ae
909 859 1047 900 neque
1078 846 1174 888 ficto

531 925 583 966 In
612 925 735 980 pejus
768 925 886 967 vultu
919 927 1096 982 proponi
1128 941 1276 969 cereus
1307 943 1487 984 usquam

524 1005 615 1047 Nee
645 1019 776 1061 prave
808 1005 930 1056 factis
963 1005 1152 1048 decorari
1184 1008 1376 1050 versibus
1408 1014 1520 1066 opto.

765 1165 899 1222 Epist.
932 1165 968 1219 I,
1002 1168 1041 1220 6,
1074 1168 1142 1209 31.

653 1261 872 1303 Virtutem
903 1260 1037 1304 verba
1068 1262 1196 1318 putas
1227 1262 1272 1305 et

434 1341 595 1385 Lucum
626 1341 767 1398 ligna:
802 1375 811 1384 .
846 1374 856 1384 .
891 1374 901 1384 .

298 1443 513 1484 Imitanda
563 1448 627 1485 est
674 1444 941 1495 allitteratio,
991 1457 1101 1498 quae
1158 1444 1329 1497 dieitur,
1385 1445 1723 1497 interpretando:

187 1524 381 1580 „thgenb
412 1548 470 1554 —
501 1524 635 1576 Qunb,
668 1524 777 1579 {Quin
811 1549 861 1554 -
896 1523 1042 1581 &015¹st
1103 1524 1223 1573 Quae
1253 1524 1391 1579 figura
1421 1525 1483 1566 uti
1523 1524 1602 1566 hoe
1633 1525 1723 1566 loco

179 1605 359 1646 fortuito
402 1603 695 1645 intercurrisse
735 1605 914 1645 orationi
961 1604 1247 1645 existimanda
1293 1609 1379 1657 est,
1424 1605 1484 1646 ita
1531 1605 1725 1659 quaesita

179 1684 348 1725 videtur
391 1697 484 1724 esse
532 1683 617 1726 Sat.
664 1684 700 1737 I,
725 1687 763 1737 6,
797 1687 871 1727 57:
904 1685 1050 1725 Infans
1091 1699 1274 1740 namque
1305 1684 1441 1740 pudor
1472 1684 1723 1740 prohibebat

183 1765 305 1820 plura
355 1764 528 1820 profari.
589 1764 737 1819 Adde,
784 1780 893 1821 quae
936 1766 1159 1808 Nauckius
1205 1764 1260 1806 ad
1306 1764 1446 1806 Carm.
1479 1764 1561 1816 ΙΙΙ,
1599 1767 1664 1819 14,
1697 1768 1723 1808 3

180 1846 335 1889 attulit.

767 1974 904 2029 Epist.
937 1974 972 2026 I,
1006 1976 1044 2025 7,
1078 1974 1143 2015 24.

357 2067 545 2122 Dignum
577 2066 810 2123 praestabo
841 2079 907 2109 me
938 2066 1069 2109 etiam
1099 2078 1179 2122 pro
1210 2065 1339 2108 laude
1369 2065 1591 2109 merentis.

355 2146 515 2197 Quodsi
547 2159 613 2190 me
643 2146 765 2190 noles
796 2157 976 2203 usquam
1008 2144 1246 2199 discedere,
1278 2144 1436 2189 reddes

353 2229 486 2272 Forte
517 2228 635 2271 latus
667 2228 750 2270 ete.

238 2310 306 2352 29.
361 2343 371 2353 .
406 2343 416 2352 .
450 2342 460 2352 .
494 2308 729 2366 vulpecula
760 2340 770 2350 .
805 2339 815 2350 .
850 2339 860 2349 .

237 2391 306 2431 34.
363 2391 452 2432 Hao
484 2402 564 2445 ego
597 2390 635 2431 si
666 2389 903 2445 compellor
933 2388 1136 2443 imagine,
1168 2387 1326 2430 cuneta
1356 2388 1547 2442 resigno.

296 2492 443 2534 Oratio
485 2493 545 2534 ita
588 2492 757 2534 videtur
801 2495 1000 2533 contexta
1040 2504 1156 2532 esse:
1209 2488 1275 2531 Ao
1323 2489 1497 2544 dignum
1550 2489 1722 2545 quidem

178 2573 406 2629 praestabo
455 2587 524 2614 me
577 2597 632 2602 —
679 2573 755 2612 καὶ
788 2566 911 2623 ἄξιον
955 2572 1034 2623 μὲν
1075 2568 1247 2626 παρέξω
1289 2569 1479 2622 ἐμαυτόν
1526 2594 1578 2601 --
1620 2571 1721 2624 (non

176 2654 303 2696 modo
335 2669 477 2696 meam
509 2654 562 2695 ob
596 2667 790 2707 eausam,
833 2653 925 2709 sed)
968 2655 1095 2695 etiam
1136 2665 1212 2708 pro
1249 2650 1376 2693 laude
1414 2651 1639 2704 merentis3
1680 2658 1723 2692 at

177 2737 213 2778 si
244 2761 296 2766 —-
330 2734 408 2778 ἐάν
438 2737 586 2788 μέντοι
624 2758 669 2764 -
717 2733 772 2777 ad
814 2734 986 2777 laudem
1026 2732 1227 2777 merentis
1267 2731 1372 2774 illud
1418 2744 1588 2790 quoque
1629 2744 1723 2789 per-
