1911 3160
832 265 875 272 W
947 241 1116 281 15-

762 366 898 423 Epist.
931 366 965 419 l,
1001 366 1067 418 16,
1107 368 1174 408 30.

414 459 515 501 Cum
545 458 712 515 pateris
744 459 917 515 sapiens
948 459 1283 513 emendatusque
1313 457 1476 511 vecari,

413 539 718 596 Respondesne
748 525 849 593 tu03¹
869 539 940 583 dic
971 539 1107 593 sodes,
1139 537 1342 583 nomine?
1400 538 1557 595 Nempe

413 620 496 663 Vir
525 621 662 663 bonus
694 620 739 663 et
767 620 960 677 prudens
991 619 1079 663 diei
1110 619 1305 662 delector
1335 631 1415 674 ego
1446 630 1497 661 ac
1528 618 1591 661 tu.

325 723 447 764 Haec
488 722 619 763 verba
657 722 760 776 quid
800 722 881 762 sibi
911 722 1054 773 velint,
1096 721 1390 775 conjunctione
1430 734 1513 761 cum
1547 723 1589 760 et
1618 719 1747 774 parti-

211 804 307 845 cula
345 802 651 858 interrogativa
691 818 768 845 -ne
805 806 920 844 recte
959 801 1245 858 interpretatis
1289 800 1471 842 dilucide
1512 799 1747 857 apparebit.

208 884 274 924 Ac
314 884 499 939 primum
538 883 769 923 tenendum
810 887 875 923 est
917 883 1248 923 enuntiationem
1286 894 1363 936 per
1402 880 1744 935 conjunctionem

209 979 300 1007 cum
348 964 553 1019 prolatam
598 963 803 1005 contrarie
847 963 1028 1019 positam
1067 977 1158 1004 esse
1196 961 1468 1018 praecedenti
1505 961 1742 1003 sententiae

213 1043 488 1084 condicionali
502 1057 510 1083 :

488 1124 533 1164 Si
565 1129 652 1178 quis
683 1123 784 1164 bella
816 1124 883 1165 tihi
916 1132 1027 1165 terra
1054 1132 1232 1180 puqnata
1264 1129 1442 1179 mar-ique

492 1202 619 1244 Dicat
641 1234 650 1243 .
674 1236 681 1243 .
708 1235 715 1242 .
749 1234 759 1255 ‚

495 1315 504 1324 .
529 1316 538 1324 .
563 1316 572 1324 .
605 1285 772 1338 Anyztsti
802 1285 939 1325 laudes
970 1299 1191 1339 aquoscere
1216 1292 1365 1341 possis.

211 1356 336 1405 Hanc
377 1377 519 1404 rerum
550 1367 763 1417 gestarum
797 1365 974 1418 gloriam
1005 1365 1172 1405 Horatii
1212 1365 1372 1404 amicus
1404 1365 1556 1415 renuit,
1589 1365 1753 1420 sapien-

208 1446 263 1487 tis
303 1446 472 1487 titulum
510 1458 595 1485 non
635 1444 749 1485 item.
820 1445 915 1486 Hoc
954 1446 1059 1501 ipso,
1100 1445 1211 1500 quod
1251 1460 1296 1487 se
1333 1445 1567 1501 sapientem
1609 1445 1750 1486 vocari

212 1525 371 1582 patitur
417 1538 495 1567 nec
543 1524 805 1580 obloquitur,
852 1524 1043 1566 concedit
1082 1526 1192 1568 velle
1236 1540 1281 1568 se
1326 1526 1558 1582 sapientem
1603 1524 1753 1566 haberi

212 1619 351 1660 neque
395 1619 550 1647 nomen
594 1605 847 1659 dedignatur
892 1605 1167 1660 similiterque
1208 1606 1322 1658 facit,
1361 1610 1408 1646 ut
1439 1606 1474 1646 si
1514 1606 1558 1646 in
1585 1606 1753 1647 delectu

212 1685 332 1726 miles
373 1685 621 1727 nominatim
649 1682 814 1727 'citatus
866 1685 920 1727 ad
957 1699 1113 1727 nomen
1148 1685 1385 1741 respondet.
1436 1685 1638 1739 Sequitur
1677 1686 1755 1739 igi-

213 1768 295 1817 tur,
350 1768 398 1805 ut
447 1766 720 1822 respondesne
769 1766 880 1807 idem
921 1766 1129 1821 significet
1170 1771 1299 1821 atque
1341 1782 1477 1808 nonne
1527 1768 1755 1823 respondes

217 1845 374 1885 usitata
422 1845 622 1900 loquendi
675 1847 1000 1888 consuetudine:
1061 1847 1113 1887 cf.
1159 1848 1318 1890 videsne
1354 1865 1399 1888 =
1435 1864 1571 1890 nonne
1610 1849 1756 1891 vides?

214 1924 368 1966 Verte:
406 1924 575 1977 „SDumit
596 1925 704 1978 uber!
736 1926 814 1982 hab
846 1927 898 1971 bu
930 1933 974 1971 εξ»
1005 1927 1068 1971 bit
1101 1928 1268 1984 gefussen
1288 1929 1390 1983 ffisst,
1423 1939 1537 1973 menn
1560 1942 1653 1974 man
1675 1929 1755 1985 bid)

213 2005 324 2061 meife
354 2004 435 2050 nub
467 2006 660 2063 febIerIoss
691 2012 825 2061 neunt!
857 2007 956 2062 nicht
987 2008 1134 2064 maht?
1165 2010 1290 2054 bumit
1322 2010 1550 2065 autmotteft
1581 2011 1634 2055 bu
1664 2011 1755 2067 hod)

215 2110 264 2116 -
304 2085 412 2141 fug'ss
443 2099 521 2130 nur
562 2113 618 2118 —
650 2088 850 2143 gleidyfum
882 2087 940 2131 bei
982 2087 1133 2132 beinem
1162 2089 1356 2134 ffiumen‘?
1398 2116 1454 2121 —
1484 2090 1552 2147 &a
1583 2091 1754 2148 freiticf„

214 2165 316 2210 henn
338 2165 401 2209 ein
423 2164 568 2211 hruner
591 2169 672 2213 nub
694 2169 825 2225 fluget
847 2167 986 2213 §mmm
1007 2182 1054 2225 511
1075 2170 1227 2226 tjeissen,
1252 2170 1401 2226 erfreut
1422 2170 1517 2225 mid)
1540 2170 1614 2214 mie
1638 2171 1757 2225 biara

793 2319 928 2375 Epist.
960 2319 996 2373 Ι,
1030 2321 1097 2373 18,
1130 2321 1196 2363 91.

430 2409 609 2454 Potores
638 2408 779 2455 bibuli
807 2409 950 2455 media
980 2410 1033 2455 de
1063 2412 1188 2456 nocte
1218 2411 1398 2457 Falerni

429 2490 626 2534 Oderunt
654 2492 859 2548 porrecta
889 2493 1120 2548 negantem
1149 2493 1318 2550 poeula,
1351 2493 1545 2551 quamvis

429 2571 672 2616 Noeturnos
696 2574 822 2630 Jures
852 2573 896 2617 te
926 2574 1166 2618 formidare
1196 2575 1384 2632 tepores.

338 2651 392 2701 ‘In
425 2661 549 2704 tertio
586 2661 665 2704 hoc
704 2663 894 2705 membro
933 2663 1003 2706 vel
1031 2665 1215 2721 partium
1256 2667 1532 2721 congruentia
1574 2668 1761 2724 aequali-

218 2743 369 2796 tasque
418 2743 620 2798 postulat⁷
650 2744 714 2785 uti
743 2745 1028 2787 nominativus
1053 2755 1223 2804 potores
1261 2761 1316 2788 ne
1346 2748 1436 2789 sine
1467 2748 1683 2803 attributo,
1714 2754 1762 2792 ut
