1911 3160
863 241 1095 287 „1ss„-

206 392 472 448 grammatici
515 393 760 449 loquuntur,
806 400 1005 451 ponatur:
1054 409 1184 450 quare
1221 395 1326 437 nihil
1374 400 1439 439 est
1475 410 1641 447 causae,
1675 408 1747 436 cur

204 474 413 516 vocabula
446 475 570 516 bibuli
605 499 657 505 -—
692 476 863 517 oderunt
891 476 1105 517 tollantur.

738 581 741 583 ’
779 612 913 668 Epist.
945 613 981 666 1,
1020 616 1085 666 19,
1118 615 1187 655 32.

379 704 502 748 Hunc
534 718 614 762 ego
644 717 730 749 non
761 704 849 748 alio
881 704 1044 749 dictum
1076 705 1199 763 prius
1231 718 1306 750 ore
1337 706 1518 751 Latinus

382 786 575 841 Vulgavi
605 786 777 829 fidicen.

323 886 563 928 Pronomen
607 889 713 929 hunc
756 892 898 929 utrum
944 888 999 929 ad
1040 889 1342 930 Archilochum
1389 889 1446 944 (v.
1479 887 1552 943 25)
1599 901 1654 928 an
1695 886 1750 928 ad

208 967 420 1008 Alcaeum
455 968 512 1023 (v.
547 967 624 1022 29)
658 967 712 1008 sit
732 968 1014 1023 referendum,
1047 970 1275 1024 quaeritur.
1334 969 1394 1010 At
1425 983 1521 1010 cum
1542 967 1747 1010 Horatius

212 1061 238 1088 a
268 1062 396 1088 versu
437 1049 488 1089 21
524 1048 629 1088 nihil
660 1049 773 1089 aliud
806 1050 887 1090 nisi
919 1049 971 1090 de
1001 1049 1271 1103 Archilocho,
1312 1050 1433 1105 cujus
1464 1050 1518 1090 sit
1551 1061 1748 1089 numeros

210 1128 476 1184 animosque,
518 1142 602 1170 non
633 1142 701 1170 res
733 1133 926 1183 secutus,
965 1130 1178 1185 loquatur,
1219 1129 1491 1187 Sapphonem
1528 1133 1672 1171 autem
1709 1132 1752 1169 et

210 1210 433 1262 Alcaeum,
477 1210 549 1263 qui
591 1224 675 1250 non
716 1211 811 1265 plus
855 1225 981 1265 quam
1013 1211 1104 1265 ipse
1134 1209 1282 1251 modos
1314 1214 1356 1250 et
1386 1211 1582 1251 carminis
1613 1213 1750 1252 artem

213 1295 379 1332 mutare
426 1290 651 1344 voluerint,
698 1304 774 1347 per
817 1291 1174 1347 comparationem
1220 1294 1385 1331 tantum
1419 1290 1626 1332 nominet:
1667 1302 1753 1331 non

207 1384 384 1426 possum
417 1370 584 1422 adduci,
617 1374 664 1411 ut
683 1370 912 1411 Horatium
943 1371 1111 1412 credam
1141 1372 1201 1412 ita
1228 1371 1481 1412 sententiam
1502 1360 1747 1423 absolvisse,

210 1456 257 1492 ut
300 1465 326 1491 a
369 1451 500 1492 totius
536 1451 617 1491 loci
647 1455 795 1493 tenore
834 1452 1052 1494 aberraret
1091 1451 1545 1507 transgredereturque
1576 1454 1751 1507 repente

207 1533 262 1574 ad
298 1546 386 1573 rem
417 1532 591 1573 minoris
631 1534 848 1574 momenti.
910 1534 974 1574 Ac
1005 1547 1058 1574 ne
1096 1533 1200 1574 illud
1231 1532 1415 1587 quidem,
1447 1532 1559 1587 quod
1590 1531 1753 1573 addidit

206 1629 289 1655 non
324 1614 406 1654 alio
440 1612 591 1654 dictum
618 1619 738 1668 prius
762 1628 845 1665 ore,
867 1613 1060 1655 mirabile
1083 1613 1315 1669 quidquam
1338 1613 1487 1655 habet:
1518 1612 1601 1653 huc
1623 1612 1749 1664 enim,

207 1693 319 1734 unde
364 1692 491 1733 ducta
530 1692 599 1734 vel
643 1694 784 1748 potius
816 1694 1006 1748 digressa
1038 1699 1115 1747 est,
1147 1694 1256 1735 redit
1287 1695 1434 1747 oratio,
1466 1697 1513 1734 ut
1544 1693 1748 1734 Horatius

207 1789 301 1817 sese
343 1775 495 1831 probet
524 1775 761 1830 principem
800 1774 856 1831 (v,
889 1774 963 1830 21)
1007 1800 1055 1805 —
1090 1775 1273 1831 primum
1305 1775 1364 1829 (v.
1399 1774 1472 1830 23)
1513 1799 1566 1804 —
1600 1772 1751 1815 Archi-

206 1855 318 1896 lochi
350 1856 497 1896 modos
530 1855 584 1896 ad
614 1855 792 1896 Latinos
824 1855 1065 1897 deduxisse.

774 1993 908 2050 Epist.
940 1994 975 2046 I,
1013 1996 1079 2046 19,
1113 1996 1181 2035 32.

384 2095 506 2140 Hunc
538 2110 618 2153 ego
650 2110 735 2142 non
766 2097 853 2141 alio
886 2098 1048 2141 «lictum
1081 2098 1204 2154 prius
1236 2109 1310 2140 orc
1342 2095 1523 2138 Latinus

382 2177 572 2233 Vulgavi
604 2179 774 2222 fidicen.

322 2270 539 2321 ¹Fuerunt,
585 2270 679 2324 qui,
723 2271 1080 2325 quemadmodum
1125 2270 1414 2311 Romanorum
1454 2268 1636 2325 poesim,
1674 2267 1751 2308 lin-

207 2365 334 2405 guam
375 2355 451 2390 etc.
493 2350 635 2389 vocari
676 2351 901 2392 Romanam
933 2365 1007 2406 pro
1040 2351 1189 2393 Latina
1221 2349 1521 2405 improbarent,
1559 2348 1619 2388 sic
1648 2348 1749 2388 item

205 2435 414 2486 negarent
456 2429 610 2471 Latine
657 2429 737 2471 dici
785 2438 1005 2486 scriptores
1053 2432 1269 2472 Romanos.
1346 2429 1474 2485 Apud
1522 2428 1747 2469 Horatium

206 2513 313 2554 haec
357 2511 655 2553 inveniuntur:
702 2510 841 2552 Carni.
876 2511 951 2565 IV,
993 2514 1033 2564 3,
1068 2512 1122 2552 23
1165 2510 1383 2552 Romanae
1423 2509 1575 2551 fidicen
1605 2508 1743 2565 lyrae3

206 2594 345 2649 Epist.
378 2593 436 2646 II,
474 2595 510 2645 1,
558 2595 613 2637 29
645 2592 827 2634 Romani
859 2597 1092 2648 pensantur
1124 2592 1273 2633 eadem
1305 2591 1538 2647 Scriptores
1568 2591 1749 2644 trutina,

206 2674 345 2731 Epist.
382 2674 439 2728 ΙΙ,
474 2677 512 2728 2,
546 2677 602 2718 94
643 2689 822 2717 vacuam
855 2674 1060 2717 Romanis
1100 2673 1270 2716 vatibus
1301 2672 1472 2727 aedem3
1520 2671 1657 2729 Epist.
1690 2671 1750 2724 II,

208 2758 249 2813 3,
297 2757 381 2798 264
428 2756 529 2797 data
572 2756 777 2797 Romanis
824 2757 947 2798 venia
995 2760 1058 2797 est
1096 2754 1271 2810 indigna
1310 2754 1456 2811 poetis,
1491 2777 1543 2783 --
1575 2752 1748 2794 Addere
