1911 3160
816 236 1101 277 „25-

762 361 897 418 Epist.
929 362 988 421 ΙΙ,
1020 365 1059 415 2,
1093 365 1161 406 80.

542 486 551 496 .
586 485 596 496 .
629 455 854 499 eontracta
884 456 1005 512 sequi
1035 455 1223 511 vestigia
1252 453 1431 497 vatum?

312 547 363 587 In
395 543 600 586 vocabulo
631 552 837 587 contracta
867 545 974 586 nihil
1003 545 1255 587 mutandum
1295 557 1388 584 esse
1415 544 1506 599 jam
1541 544 1633 584 loeo
1676 558 1731 584 ex

198 626 418 683 Propertio
461 629 628 681 sumpto
660 626 979 682 comprobatum
1017 630 1092 667 est,
1156 627 1371 667 Contracta
1409 631 1520 681 sequi
1568 630 1733 679 vestiqia

196 709 238 750 h.
271 722 306 749 e.
340 705 476 761 gradu
506 705 606 747 item
636 721 782 763 presso
812 707 954 762 legere
985 721 1060 764 per
1100 705 1300 762 strepitus
1338 709 1564 747 nocturnos
1603 708 1732 760 atque

198 789 371 830 diurnos
402 786 607 828 Horatius
639 788 959 843 prohibebatur.

761 915 897 972 Epist.
930 915 988 968 II,
1020 917 1058 968 2,
1092 916 1160 958 95.

312 1007 407 1050 Mox
437 1006 581 1060 etiam,
615 1008 651 1050 si
682 1008 797 1051 forte
828 1021 970 1062 vacas,
1003 1020 1183 1064 sequere
1215 1007 1259 1050 et
1289 1007 1443 1064 procul
1473 1006 1590 1059 audi,

312 1088 423 1137 Quid
452 1088 571 1130 ferat
600 1088 644 1131 et
674 1101 758 1144 qua
786 1102 836 1132 re
868 1089 952 1132 sibi
981 1089 1132 1132 nectat
1160 1089 1343 1144 uterque
1374 1099 1589 1131 eoronam.

313 1177 400 1220 Cur
429 1192 542 1219 nune
573 1178 779 1221 editiones
816 1195 940 1237 quare
981 1193 1057 1237 pro
1099 1194 1176 1236 qua
1217 1194 1261 1220 re
1303 1177 1547 1231 exhibeant,
1590 1177 1730 1220 miror.

197 1260 409 1315 Loquitur
439 1260 642 1301 Horatius
683 1260 735 1302 de
780 1261 944 1303 duobus
985 1261 1142 1318 poetis,
1185 1273 1365 1315 quorum
1407 1259 1514 1300 alter
1554 1259 1733 1300 alterum

198 1340 410 1384 laudando
443 1341 610 1383 efficere
642 1342 796 1396 studet,
828 1347 875 1385 ut
906 1343 997 1399 ipse
1027 1340 1223 1383 laudetur
1254 1340 1307 1382 ab
1345 1340 1501 1382 altero:
1546 1339 1645 1380 hae
1682 1352 1734 1380 re

200 1421 280 1462 sibi
320 1422 450 1462 nectit
491 1426 669 1476 uterque
707 1436 917 1463 eoronam.
995 1422 1212 1463 Particula
1264 1422 1570 1475 interrogativa
1611 1433 1735 1475 quare

202 1502 236 1543 si
267 1505 381 1543 reete
413 1516 457 1543 se
488 1502 679 1555 haberet,
721 1502 990 1545 scribendum
1028 1503 1129 1544 fuit:
1174 1516 1304 1557 quare
1347 1506 1526 1557 uterque
1566 1500 1735 1555 utrique

203 1597 235 1624 s.
261 1586 439 1638 uterque
470 1583 592 1624 alteri
623 1597 655 1624 s.
688 1582 794 1624 alter
824 1583 946 1625 alteri
977 1597 1174 1625 eoronam
1204 1586 1359 1625 nectat.

668 1686 671 1690 ’
753 1712 889 1767 Epist.
921 1711 980 1764 11,
1014 1715 1053 1765 2,
1089 1713 1184 1754 105.

437 1804 641 1848 Obturem
672 1804 846 1861 patulas
876 1806 1050 1862 impune
1080 1805 1327 1861 legentibus
1358 1817 1501 1848 aures.

314 1895 483 1937 Durum
524 1895 692 1937 videtur
742 1895 992 1938 adverbium
1041 1904 1206 1953 impune
1251 1895 1473 1953 participio
1520 1894 1735 1949 leyencibus

200 1977 434 2018 detractum
466 1990 562 2017 cum
592 1976 723 2017 verbo
756 1978 930 2018 obturem
973 1978 1254 2032 conjungere:
1298 1981 1340 2018 et
1381 1976 1547 2017 numeri
1591 1988 1736 2016 versus

200 2056 479 2098 adversantur
527 2059 569 2097 et
611 2055 801 2098 adverbii
843 2058 1059 2099 collocatio
1072 2058 1133 2114 ³¹⁶),
1183 2071 1262 2099 neo
1301 2071 1401 2099 vero
1441 2069 1615 2098 neeesse
1657 2058 1735 2108 est,

200 2152 295 2179 oum
327 2140 488 2178 constet
520 2136 746 2179 Horatium
778 2139 964 2181 carmina
996 2153 1073 2179 sua
1104 2139 1185 2179 nisi
1216 2138 1361 2179 amieis
1391 2137 1545 2191 legisse
1577 2136 1737 2178 nemini

201 2218 311 2273 (Sat.
344 2217 380 2271 I,
412 2220 451 2271 4,
486 2218 539 2261 73
571 2216 663 2259 Nee
692 2219 820 2260 recito
853 2220 1050 2275 cuiquam
1080 2220 1162 2261 nisi
1193 2218 1339 2261 amicis
1381 2217 1510 2274 idque
1541 2220 1735 2271 coaetus3

199 2298 336 2355 Epist.
368 2298 403 2351 Ι,
440 2300 506 2352 19,
538 2301 591 2341 41
627 2299 782 2355 Spissis
821 2299 997 2354 indigna
1036 2300 1212 2342 theatris
1254 2298 1422 2355 Scripta
1462 2298 1595 2356 pudet
1633 2299 1738 2339 reei-

199 2381 323 2436 tare).
387 2380 588 2422 Ceterum
610 2381 665 2422 ad
694 2394 841 2422 vocem
860 2382 1027 2436 patulas
1054 2382 1180 2423 simul
1202 2381 1373 2422 auditur
1395 2379 1572 2436 „bissljely
1590 2378 1735 2435 fonft“‚

201 2462 264 2503 uti
295 2461 435 2503 Carm.
467 2461 550 2516 ΙΙΙ,
583 2462 623 2515 5,
656 2463 711 2504 22
753 2459 932 2502 Retorta
971 2465 1091 2517 tergo
1133 2461 1307 2503 brachia
1349 2461 1541 2517 („einft‘¹)
1581 2460 1735 2515 liber03

200 2543 282 2595 III,
315 2545 384 2596 29,
419 2544 470 2585 17
503 2542 603 2584 Jam
634 2543 772 2584 clarus
812 2542 1021 2584 occultum
1052 2542 1351 2584 Andromedae
1383 2525 1509 2598 pater
1540 2540 1738 2584 Ostendit

280 2692 318 2737 ³⁸)
344 2692 423 2727 Nee
447 2693 581 2729 rectius
605 2693 723 2738 Epist.
751 2693 780 2738 1,
806 2693 862 2738 11,
888 2693 933 2728 26
960 2693 1063 2737 „Non
1088 2694 1188 2728 locus
1214 2692 1320 2728 effusi
1343 2692 1417 2727 late
1441 2692 1552 2728 maris
1577 2692 1734 2727 arbiter“

340 2751 550 2787 adverbium
575 2756 650 2788 late
674 2762 755 2788 cum
779 2751 1004 2788 substantivo
1033 2754 1173 2788 arbiter
1198 2750 1401 2796 copulatur.
