1911 3160
790 253 1077 295 „26-

163 374 321 431 ignem.
384 376 537 419 Verte:
590 377 810 434 „mugegen
841 378 938 424 fanu
970 380 1098 436 (buri)
1131 382 1185 438 iet)
1223 381 1303 438 ieet
1346 381 1407 427 bie
1438 381 1579 438 Qbren
1620 391 1705 427 netz

161 454 364 512 icbfiessen,
395 457 532 513 melche
563 457 637 502 ben
667 458 884 514 ungestmft
915 460 1184 517 QorIefenben
1215 461 1316 518 {onst
1355 461 1460 519 offen
1491 462 1703 518 stonbew‘.

726 584 863 641 Epist.
896 586 956 640 II,
989 589 1028 641 2,
1064 589 1161 630 111.

307 677 510 730 Audebit,
543 689 821 734 quaeeunque
853 691 1007 735 parum
1038 679 1284 736 splendoris
1315 680 1536 724 habebunt

307 757 363 800 Et
394 758 486 802 sine
517 757 708 816 pondere
740 759 872 802 erunt
902 759 946 803 et
975 760 1139 804 honore
1171 760 1354 818 indigna
1385 761 1599 816 ferentur,

306 838 453 884 Verba
483 852 655 884 movere
685 839 795 883 looo.

284 930 406 984 Sunt,
441 931 513 986 qui
544 931 798 973 vocabulum
825 930 1018 987 ferentur
1059 932 1151 973 coll.
1214 931 1333 986 Virg.
1364 930 1474 973 Aen.
1508 931 1583 986 VI,
1624 934 1708 975 823

172 1016 413 1067 „uteunque
444 1011 582 1054 ferent
612 1026 663 1054 ea
704 1012 816 1054 facta
853 1012 1062 1054 minores“
1108 1012 1220 1054 idem
1263 1026 1355 1054 esse
1395 1012 1546 1064 velint,
1593 1013 1706 1068 quod

169 1092 499 1147 „judicabuntur
530 1106 556 1133 a
584 1092 869 1147 legentibus“.
902 1093 961 1134 At
992 1092 1044 1134 de
1076 1092 1317 1147 legentibus
1348 1106 1433 1134 non
1474 1096 1538 1134 est
1568 1106 1706 1134 sermo

167 1196 213 1202 —-
249 1172 381 1214 verba
426 1172 539 1214 enim
578 1177 802 1215 versantur
846 1173 987 1215 adhue
1024 1173 1136 1214 intra
1177 1173 1411 1229 penetralia
1449 1172 1607 1214 Vestae
1638 1196 1707 1226 —-,

161 1252 237 1294 sed
269 1252 322 1293 de
352 1257 480 1308 poeta
508 1254 600 1309 ipso
630 1255 799 1296 honesti
829 1255 921 1296 vioe
940 1254 1124 1295 censoris
1145 1253 1361 1308 fungente.
1395 1255 1580 1295 Ferri—
1604 1254 1708 1296 ima-

163 1332 263 1388 gine
295 1346 320 1375 a
351 1334 526 1376 flumine
555 1334 691 1391 petita
727 1359 775 1365 —
810 1337 875 1376 est
905 1339 1097 1376 nostrum
1133 1333 1532 1390 „mitunter1c1ufen‘¹.

722 1459 859 1517 Epist.
891 1459 951 1513 II,
984 1462 1023 1513 2,
1060 1461 1155 1502 114.

372 1551 427 1595 Et
457 1552 692 1597 versentur
720 1552 863 1596 adhue
893 1552 1014 1595 intra
1043 1551 1291 1608 penetralia
1321 1550 1494 1594 Vestae.

281 1643 398 1684 Conf.
421 1642 558 1699 Epist.
581 1643 616 1696 Ι,
650 1645 719 1696 20,
750 1646 774 1686 3
802 1643 940 1686 Odisti
963 1644 1103 1685 claves
1136 1645 1178 1684 et
1209 1646 1330 1696 grata
1361 1643 1500 1697 sigilla
1529 1643 1707 1699 pudico;

163 1723 318 1764 Pauois
350 1724 516 1765 ostendi
548 1726 708 1779 gemis3
739 1724 875 1780 Epist.
908 1724 968 1776 ΙΙ,
1002 1727 1041 1777 3,
1074 1725 1159 1766 388
1200 1737 1444 1779 nonumque
1485 1728 1702 1780 prematur

161 1803 207 1844 in
238 1818 399 1847 annum
430 1804 692 1847 Membranis
722 1805 837 1846 intus
869 1804 1030 1859 positis.

714 1930 850 1986 Epist.
881 1929 943 1983 ΙΙ,
976 1932 1017 1983 2,
1052 1931 1147 1973 127.

313 2026 422 2069 Dum
454 2036 549 2068 mea
579 2022 801 2068 delectent
829 2023 944 2067 mala
973 2036 1039 2067 me
1071 2022 1141 2067 vel
1172 2022 1356 2079 denique
1387 2022 1560 2066 fallant.

275 2115 496 2156 Particula
526 2115 700 2171 denique
730 2115 773 2155 in
805 2095 991 2155 seeundo
1023 2113 1258 2167 eodemque
1279 2117 1491 2169 postremo
1512 2113 1704 2156 membro

167 2197 305 2252 posita
335 2196 634 2247 membrorum,
667 2209 777 2250 quae
807 2198 1037 2251 potuerunt
1067 2193 1263 2248 interjioi,
1297 2192 1556 2235 detractione
1579 2194 1704 2235 facile

162 2276 421 2334 explicatur,
462 2275 595 2317 veluti
637 2274 679 2316 h.
723 2275 749 2317 l.
790 2274 1004 2318 delectant
1038 2298 1091 2305 ——
1121 2272 1412 2316 defensionem
1449 2272 1608 2316 habent
1657 2300 1703 2306 —-

164 2358 332 2400 fallunt.
380 2358 493 2401 Nos:
527 2357 649 2411 „obet
682 2371 747 2402 um
779 2357 891 2401 ἔπιδε
923 2361 1039 2412 ραν.

722 2483 859 2539 Epist.
892 2481 951 2536 11,
983 2484 1023 2536 2,
1059 2483 1154 2525 136.

337 2577 416 2621 Hie
447 2576 523 2621 ubi
555 2575 839 2633 cognatorum
870 2574 1023 2633 opibus
1055 2574 1258 2632 curisque
1289 2573 1483 2618 refectus

336 2659 517 2715 Expulit
547 2658 741 2701 elleboro
772 2657 967 2699 morbum
997 2657 1212 2712 bilemque
1243 2668 1429 2700 meraco.

279 2749 399 2798 Quae
429 2749 539 2792 ratio
569 2747 806 2792 intercedat
845 2748 957 2791 inter
997 2747 1206 2791 voeabula
1235 2747 1412 2805 refectus
1454 2750 1496 2790 et
1535 2747 1705 2805 expulit,
